%YAML 1.1
%TAG !u! tag:unity3d.com,2011:
--- !u!114 &4637903987729781348
MonoBehaviour:
  m_ObjectHideFlags: 0
  m_CorrespondingSourceObject: {fileID: 0}
  m_PrefabInstance: {fileID: 0}
  m_PrefabAsset: {fileID: 0}
  m_GameObject: {fileID: 5592323723018889206}
  m_Enabled: 1
  m_EditorHideFlags: 0
  m_Script: {fileID: 11500000, guid: 4e1280b1c478312499c9147279b621df, type: 3}
  m_Name: 
  m_EditorClassIdentifier: 
  pullbackDistance: 1
  pullbackSpeed: 2
  chargingSpeed: 13
  timeUntilPullback: 0.6
  timeUntilCharge: 0.5
  onSeePlayerAnimation: {fileID: 0}
  chargeUpAnimation: {fileID: 0}
  OnEnemySeePlayer:
    m_PersistentCalls:
      m_Calls:
      - m_Target: {fileID: 782954420847626667}
        m_MethodName: SetTrigger
        m_Mode: 5
        m_Arguments:
          m_ObjectArgument: {fileID: 0}
          m_ObjectArgumentAssemblyTypeName: UnityEngine.Object, UnityEngine
          m_IntArgument: 0
          m_FloatArgument: 0
          m_StringArgument: Aggro
          m_BoolArgument: 0
        m_CallState: 2
  OnEnemyPullbackStart:
    m_PersistentCalls:
      m_Calls:
      - m_Target: {fileID: 782954420847626667}
        m_MethodName: SetTrigger
        m_Mode: 5
        m_Arguments:
          m_ObjectArgument: {fileID: 0}
          m_ObjectArgumentAssemblyTypeName: UnityEngine.Object, UnityEngine
          m_IntArgument: 0
          m_FloatArgument: 0
          m_StringArgument: Windup
          m_BoolArgument: 0
        m_CallState: 2
  OnEnemyPullbackEnd:
    m_PersistentCalls:
      m_Calls: []
  OnEnemyChargeStart:
    m_PersistentCalls:
      m_Calls:
      - m_Target: {fileID: 782954420847626667}
        m_MethodName: SetTrigger
        m_Mode: 5
        m_Arguments:
          m_ObjectArgument: {fileID: 0}
          m_ObjectArgumentAssemblyTypeName: UnityEngine.Object, UnityEngine
          m_IntArgument: 0
          m_FloatArgument: 0
          m_StringArgument: Charge
          m_BoolArgument: 0
        m_CallState: 2
  OnEnemyChargeStop:
    m_PersistentCalls:
      m_Calls: []
--- !u!114 &5596434697492697399
MonoBehaviour:
  m_ObjectHideFlags: 0
  m_CorrespondingSourceObject: {fileID: 0}
  m_PrefabInstance: {fileID: 0}
  m_PrefabAsset: {fileID: 0}
  m_GameObject: {fileID: 1413063007928319595}
  m_Enabled: 1
  m_EditorHideFlags: 0
  m_Script: {fileID: 11500000, guid: 2f142bc1793d8ea42a9c22916644062d, type: 3}
  m_Name: 
  m_EditorClassIdentifier: 
  renderers:
  - {fileID: 0}
  - {fileID: 0}
  - {fileID: 0}
  - {fileID: 0}
  - {fileID: 0}
  - {fileID: 0}
  - {fileID: 0}
  - {fileID: 0}
  - {fileID: 0}
  - {fileID: 0}
  - {fileID: 0}
  - {fileID: 0}
  - {fileID: 0}
  - {fileID: 0}
  - {fileID: 0}
  - {fileID: 0}
  - {fileID: 0}
  - {fileID: 0}
  - {fileID: 0}
  - {fileID: 0}
  - {fileID: 0}
  - {fileID: 0}
  - {fileID: 0}
--- !u!1001 &50140715392112955
PrefabInstance:
  m_ObjectHideFlags: 0
  serializedVersion: 2
  m_Modification:
    m_TransformParent: {fileID: 0}
    m_Modifications:
    - target: {fileID: 5560202251135155917, guid: bc56e1d9c1ab54af2be27440a3ebfeb0,
        type: 3}
      propertyPath: m_Name
      value: DeerTox
      objectReference: {fileID: 0}
    - target: {fileID: 5560202251135155915, guid: bc56e1d9c1ab54af2be27440a3ebfeb0,
        type: 3}
      propertyPath: m_LocalPosition.x
      value: 0
      objectReference: {fileID: 0}
    - target: {fileID: 5560202251135155915, guid: bc56e1d9c1ab54af2be27440a3ebfeb0,
        type: 3}
      propertyPath: m_LocalPosition.y
      value: 0
      objectReference: {fileID: 0}
    - target: {fileID: 5560202251135155915, guid: bc56e1d9c1ab54af2be27440a3ebfeb0,
        type: 3}
      propertyPath: m_LocalPosition.z
      value: 0
      objectReference: {fileID: 0}
    - target: {fileID: 5560202251135155915, guid: bc56e1d9c1ab54af2be27440a3ebfeb0,
        type: 3}
      propertyPath: m_LocalRotation.x
      value: -0
      objectReference: {fileID: 0}
    - target: {fileID: 5560202251135155915, guid: bc56e1d9c1ab54af2be27440a3ebfeb0,
        type: 3}
      propertyPath: m_LocalRotation.y
      value: -0
      objectReference: {fileID: 0}
    - target: {fileID: 5560202251135155915, guid: bc56e1d9c1ab54af2be27440a3ebfeb0,
        type: 3}
      propertyPath: m_LocalRotation.z
      value: -0
      objectReference: {fileID: 0}
    - target: {fileID: 5560202251135155915, guid: bc56e1d9c1ab54af2be27440a3ebfeb0,
        type: 3}
      propertyPath: m_LocalRotation.w
      value: 1
      objectReference: {fileID: 0}
    - target: {fileID: 5560202251135155915, guid: bc56e1d9c1ab54af2be27440a3ebfeb0,
        type: 3}
      propertyPath: m_RootOrder
      value: 0
      objectReference: {fileID: 0}
    - target: {fileID: 5560202251135155915, guid: bc56e1d9c1ab54af2be27440a3ebfeb0,
        type: 3}
      propertyPath: m_LocalEulerAnglesHint.x
      value: 0
      objectReference: {fileID: 0}
    - target: {fileID: 5560202251135155915, guid: bc56e1d9c1ab54af2be27440a3ebfeb0,
        type: 3}
      propertyPath: m_LocalEulerAnglesHint.y
      value: 0
      objectReference: {fileID: 0}
    - target: {fileID: 5560202251135155915, guid: bc56e1d9c1ab54af2be27440a3ebfeb0,
        type: 3}
      propertyPath: m_LocalEulerAnglesHint.z
      value: 0
      objectReference: {fileID: 0}
    - target: {fileID: 1700635698104316591, guid: bc56e1d9c1ab54af2be27440a3ebfeb0,
        type: 3}
      propertyPath: m_LocalRotation.x
      value: -0
      objectReference: {fileID: 0}
    - target: {fileID: 1700635698104316591, guid: bc56e1d9c1ab54af2be27440a3ebfeb0,
        type: 3}
      propertyPath: m_LocalRotation.y
      value: 0
      objectReference: {fileID: 0}
    - target: {fileID: 1700635698104316591, guid: bc56e1d9c1ab54af2be27440a3ebfeb0,
        type: 3}
      propertyPath: m_LocalRotation.z
      value: -0.012208361
      objectReference: {fileID: 0}
    - target: {fileID: 1700635698104316591, guid: bc56e1d9c1ab54af2be27440a3ebfeb0,
        type: 3}
      propertyPath: m_LocalRotation.w
      value: 0.9999255
      objectReference: {fileID: 0}
    - target: {fileID: 1700635698104316591, guid: bc56e1d9c1ab54af2be27440a3ebfeb0,
        type: 3}
      propertyPath: m_LocalPosition.x
      value: 0.047
      objectReference: {fileID: 0}
    - target: {fileID: 1700635698104316591, guid: bc56e1d9c1ab54af2be27440a3ebfeb0,
        type: 3}
      propertyPath: m_LocalPosition.y
      value: -0.071
      objectReference: {fileID: 0}
    - target: {fileID: 5762769481927627516, guid: bc56e1d9c1ab54af2be27440a3ebfeb0,
        type: 3}
      propertyPath: m_IsActive
      value: 0
      objectReference: {fileID: 0}
    - target: {fileID: 6096594245572088015, guid: bc56e1d9c1ab54af2be27440a3ebfeb0,
        type: 3}
      propertyPath: corpseToSpawn
      value: 
      objectReference: {fileID: 6359160924279091322, guid: be741f45382484444ba5aa777fdaecba,
        type: 3}
    - target: {fileID: 6755091773972720426, guid: bc56e1d9c1ab54af2be27440a3ebfeb0,
        type: 3}
      propertyPath: events.OnDamage.m_PersistentCalls.m_Calls.Array.size
      value: 2
      objectReference: {fileID: 0}
    - target: {fileID: 6755091773972720426, guid: bc56e1d9c1ab54af2be27440a3ebfeb0,
        type: 3}
      propertyPath: events.OnHeal.m_PersistentCalls.m_Calls.Array.size
      value: 0
      objectReference: {fileID: 0}
    - target: {fileID: 6755091773972720426, guid: bc56e1d9c1ab54af2be27440a3ebfeb0,
        type: 3}
      propertyPath: events.OnDeath.m_PersistentCalls.m_Calls.Array.size
      value: 7
      objectReference: {fileID: 0}
    - target: {fileID: 6755091773972720426, guid: bc56e1d9c1ab54af2be27440a3ebfeb0,
        type: 3}
      propertyPath: events.OnDeath.m_PersistentCalls.m_Calls.Array.data[3].m_Target
      value: 
      objectReference: {fileID: 0}
    - target: {fileID: 6755091773972720426, guid: bc56e1d9c1ab54af2be27440a3ebfeb0,
        type: 3}
      propertyPath: events.OnDeath.m_PersistentCalls.m_Calls.Array.data[4].m_Target
      value: 
      objectReference: {fileID: 0}
    - target: {fileID: 6755091773972720426, guid: bc56e1d9c1ab54af2be27440a3ebfeb0,
        type: 3}
      propertyPath: events.OnDamage.m_PersistentCalls.m_Calls.Array.data[0].m_Target
      value: 
      objectReference: {fileID: 62017976206853347}
    - target: {fileID: 6755091773972720426, guid: bc56e1d9c1ab54af2be27440a3ebfeb0,
        type: 3}
      propertyPath: events.OnDamage.m_PersistentCalls.m_Calls.Array.data[0].m_MethodName
      value: Play
      objectReference: {fileID: 0}
    - target: {fileID: 6755091773972720426, guid: bc56e1d9c1ab54af2be27440a3ebfeb0,
        type: 3}
      propertyPath: current
      value: 7
      objectReference: {fileID: 0}
    - target: {fileID: 6755091773972720426, guid: bc56e1d9c1ab54af2be27440a3ebfeb0,
        type: 3}
      propertyPath: max
      value: 7
      objectReference: {fileID: 0}
    - target: {fileID: 6755091773972720426, guid: bc56e1d9c1ab54af2be27440a3ebfeb0,
        type: 3}
      propertyPath: events.OnDamage.m_PersistentCalls.m_Calls.Array.data[1].m_Mode
      value: 5
      objectReference: {fileID: 0}
    - target: {fileID: 6755091773972720426, guid: bc56e1d9c1ab54af2be27440a3ebfeb0,
        type: 3}
      propertyPath: events.OnDamage.m_PersistentCalls.m_Calls.Array.data[1].m_CallState
      value: 2
      objectReference: {fileID: 0}
    - target: {fileID: 6755091773972720426, guid: bc56e1d9c1ab54af2be27440a3ebfeb0,
        type: 3}
      propertyPath: events.OnDamage.m_PersistentCalls.m_Calls.Array.data[1].m_Target
      value: 
      objectReference: {fileID: 6770247580098523297}
    - target: {fileID: 6755091773972720426, guid: bc56e1d9c1ab54af2be27440a3ebfeb0,
        type: 3}
      propertyPath: events.OnHeal.m_PersistentCalls.m_Calls.Array.data[0].m_Mode
      value: 5
      objectReference: {fileID: 0}
    - target: {fileID: 6755091773972720426, guid: bc56e1d9c1ab54af2be27440a3ebfeb0,
        type: 3}
      propertyPath: events.OnHeal.m_PersistentCalls.m_Calls.Array.data[0].m_CallState
      value: 2
      objectReference: {fileID: 0}
    - target: {fileID: 6755091773972720426, guid: bc56e1d9c1ab54af2be27440a3ebfeb0,
        type: 3}
      propertyPath: events.OnHeal.m_PersistentCalls.m_Calls.Array.data[0].m_Target
      value: 
      objectReference: {fileID: 6770247580098523297}
    - target: {fileID: 6755091773972720426, guid: bc56e1d9c1ab54af2be27440a3ebfeb0,
        type: 3}
      propertyPath: events.OnHeal.m_PersistentCalls.m_Calls.Array.data[0].m_MethodName
      value: PostEvent
      objectReference: {fileID: 0}
    - target: {fileID: 6755091773972720426, guid: bc56e1d9c1ab54af2be27440a3ebfeb0,
        type: 3}
      propertyPath: events.OnHeal.m_PersistentCalls.m_Calls.Array.data[0].m_Arguments.m_ObjectArgumentAssemblyTypeName
      value: UnityEngine.Object, UnityEngine
      objectReference: {fileID: 0}
    - target: {fileID: 6755091773972720426, guid: bc56e1d9c1ab54af2be27440a3ebfeb0,
        type: 3}
      propertyPath: events.OnDeath.m_PersistentCalls.m_Calls.Array.data[5].m_Mode
      value: 5
      objectReference: {fileID: 0}
    - target: {fileID: 6755091773972720426, guid: bc56e1d9c1ab54af2be27440a3ebfeb0,
        type: 3}
      propertyPath: events.OnDeath.m_PersistentCalls.m_Calls.Array.data[5].m_CallState
      value: 2
      objectReference: {fileID: 0}
    - target: {fileID: 6755091773972720426, guid: bc56e1d9c1ab54af2be27440a3ebfeb0,
        type: 3}
      propertyPath: events.OnDeath.m_PersistentCalls.m_Calls.Array.data[5].m_Target
      value: 
      objectReference: {fileID: 6770247580098523297}
    - target: {fileID: 6755091773972720426, guid: bc56e1d9c1ab54af2be27440a3ebfeb0,
        type: 3}
      propertyPath: events.OnDeath.m_PersistentCalls.m_Calls.Array.data[5].m_MethodName
      value: PostEvent
      objectReference: {fileID: 0}
    - target: {fileID: 6755091773972720426, guid: bc56e1d9c1ab54af2be27440a3ebfeb0,
        type: 3}
      propertyPath: events.OnDeath.m_PersistentCalls.m_Calls.Array.data[5].m_Arguments.m_ObjectArgumentAssemblyTypeName
      value: UnityEngine.Object, UnityEngine
      objectReference: {fileID: 0}
    - target: {fileID: 6755091773972720426, guid: bc56e1d9c1ab54af2be27440a3ebfeb0,
        type: 3}
      propertyPath: events.OnDeath.m_PersistentCalls.m_Calls.Array.data[5].m_Arguments.m_StringArgument
      value: Deertox_Death
      objectReference: {fileID: 0}
    - target: {fileID: 6755091773972720426, guid: bc56e1d9c1ab54af2be27440a3ebfeb0,
        type: 3}
      propertyPath: events.OnDamage.m_PersistentCalls.m_Calls.Array.data[1].m_MethodName
      value: PostEvent
      objectReference: {fileID: 0}
    - target: {fileID: 6755091773972720426, guid: bc56e1d9c1ab54af2be27440a3ebfeb0,
        type: 3}
      propertyPath: events.OnDamage.m_PersistentCalls.m_Calls.Array.data[1].m_Arguments.m_ObjectArgumentAssemblyTypeName
      value: UnityEngine.Object, UnityEngine
      objectReference: {fileID: 0}
    - target: {fileID: 6755091773972720426, guid: bc56e1d9c1ab54af2be27440a3ebfeb0,
        type: 3}
      propertyPath: events.OnDamage.m_PersistentCalls.m_Calls.Array.data[1].m_Arguments.m_StringArgument
      value: Deertox_Hurt
      objectReference: {fileID: 0}
    - target: {fileID: 6755091773972720426, guid: bc56e1d9c1ab54af2be27440a3ebfeb0,
        type: 3}
      propertyPath: events.OnDeath.m_PersistentCalls.m_Calls.Array.data[6].m_Mode
      value: 1
      objectReference: {fileID: 0}
    - target: {fileID: 6755091773972720426, guid: bc56e1d9c1ab54af2be27440a3ebfeb0,
        type: 3}
      propertyPath: events.OnDeath.m_PersistentCalls.m_Calls.Array.data[6].m_CallState
      value: 2
      objectReference: {fileID: 0}
    - target: {fileID: 6755091773972720426, guid: bc56e1d9c1ab54af2be27440a3ebfeb0,
        type: 3}
      propertyPath: events.OnDeath.m_PersistentCalls.m_Calls.Array.data[6].m_Target
      value: 
      objectReference: {fileID: 5908930439308773925}
    - target: {fileID: 6755091773972720426, guid: bc56e1d9c1ab54af2be27440a3ebfeb0,
        type: 3}
      propertyPath: events.OnDeath.m_PersistentCalls.m_Calls.Array.data[6].m_MethodName
      value: Spawn
      objectReference: {fileID: 0}
    - target: {fileID: 6755091773972720426, guid: bc56e1d9c1ab54af2be27440a3ebfeb0,
        type: 3}
      propertyPath: events.OnDeath.m_PersistentCalls.m_Calls.Array.data[6].m_Arguments.m_ObjectArgumentAssemblyTypeName
      value: UnityEngine.Object, UnityEngine
      objectReference: {fileID: 0}
    - target: {fileID: 8329610458787038355, guid: bc56e1d9c1ab54af2be27440a3ebfeb0,
        type: 3}
      propertyPath: m_IsActive
      value: 1
      objectReference: {fileID: 0}
    - target: {fileID: 266117653418994081, guid: bc56e1d9c1ab54af2be27440a3ebfeb0,
        type: 3}
      propertyPath: m_ApplyToSortingLayers.Array.size
      value: 1
      objectReference: {fileID: 0}
    - target: {fileID: 266117653418994081, guid: bc56e1d9c1ab54af2be27440a3ebfeb0,
        type: 3}
      propertyPath: m_ShapePath.Array.size
      value: 4
      objectReference: {fileID: 0}
    - target: {fileID: 266117653418994081, guid: bc56e1d9c1ab54af2be27440a3ebfeb0,
        type: 3}
      propertyPath: m_PointLightInnerAngle
      value: 360
      objectReference: {fileID: 0}
    - target: {fileID: 266117653418994081, guid: bc56e1d9c1ab54af2be27440a3ebfeb0,
        type: 3}
      propertyPath: m_PointLightOuterRadius
      value: 1
      objectReference: {fileID: 0}
    - target: {fileID: 266117653418994081, guid: bc56e1d9c1ab54af2be27440a3ebfeb0,
        type: 3}
      propertyPath: m_Intensity
      value: 0.5
      objectReference: {fileID: 0}
    - target: {fileID: 266117653418994081, guid: bc56e1d9c1ab54af2be27440a3ebfeb0,
        type: 3}
      propertyPath: m_LightType
      value: 3
      objectReference: {fileID: 0}
    - target: {fileID: 266117653418994081, guid: bc56e1d9c1ab54af2be27440a3ebfeb0,
        type: 3}
      propertyPath: m_FalloffIntensity
      value: 0.5
      objectReference: {fileID: 0}
    - target: {fileID: 612149835918472361, guid: bc56e1d9c1ab54af2be27440a3ebfeb0,
        type: 3}
      propertyPath: OnTriggerEnter.m_PersistentCalls.m_Calls.Array.data[0].m_Target
      value: 
      objectReference: {fileID: 0}
    - target: {fileID: 612149835918472361, guid: bc56e1d9c1ab54af2be27440a3ebfeb0,
        type: 3}
      propertyPath: OnTriggerEnter.m_PersistentCalls.m_Calls.Array.data[0].m_MethodName
      value: AggroVicinity
      objectReference: {fileID: 0}
    - target: {fileID: 810500461969466337, guid: bc56e1d9c1ab54af2be27440a3ebfeb0,
        type: 3}
      propertyPath: OnTriggerEnter.m_PersistentCalls.m_Calls.Array.data[1].m_Target
      value: 
      objectReference: {fileID: 4637903987729781348}
    - target: {fileID: 810500461969466337, guid: bc56e1d9c1ab54af2be27440a3ebfeb0,
        type: 3}
      propertyPath: OnTriggerExit.m_PersistentCalls.m_Calls.Array.data[1].m_Target
      value: 
      objectReference: {fileID: 4637903987729781348}
    - target: {fileID: 810500461969466337, guid: bc56e1d9c1ab54af2be27440a3ebfeb0,
        type: 3}
      propertyPath: OnTriggerEnter.m_PersistentCalls.m_Calls.Array.data[1].m_MethodName
      value: StartCheckingForPlayer
      objectReference: {fileID: 0}
    - target: {fileID: 810500461969466337, guid: bc56e1d9c1ab54af2be27440a3ebfeb0,
        type: 3}
      propertyPath: OnTriggerExit.m_PersistentCalls.m_Calls.Array.data[1].m_MethodName
      value: StopCheckingForPlayer
      objectReference: {fileID: 0}
    - target: {fileID: 2868180562284930935, guid: bc56e1d9c1ab54af2be27440a3ebfeb0,
        type: 3}
      propertyPath: OnTriggerEnter.m_PersistentCalls.m_Calls.Array.data[0].m_Target
      value: 
      objectReference: {fileID: 0}
    - target: {fileID: 2868180562284930935, guid: bc56e1d9c1ab54af2be27440a3ebfeb0,
        type: 3}
      propertyPath: OnTriggerExit.m_PersistentCalls.m_Calls.Array.data[0].m_Target
      value: 
      objectReference: {fileID: 0}
    - target: {fileID: 2868180562284930935, guid: bc56e1d9c1ab54af2be27440a3ebfeb0,
        type: 3}
      propertyPath: OnTriggerEnter.m_PersistentCalls.m_Calls.Array.data[0].m_MethodName
      value: AddEnemyToVicinity
      objectReference: {fileID: 0}
    - target: {fileID: 2868180562284930935, guid: bc56e1d9c1ab54af2be27440a3ebfeb0,
        type: 3}
      propertyPath: OnTriggerExit.m_PersistentCalls.m_Calls.Array.data[0].m_MethodName
      value: RemoveEnemyFromVicinity
      objectReference: {fileID: 0}
    m_RemovedComponents:
    - {fileID: -4763382083620097387, guid: bc56e1d9c1ab54af2be27440a3ebfeb0, type: 3}
    - {fileID: 3141325725096833424, guid: bc56e1d9c1ab54af2be27440a3ebfeb0, type: 3}
    - {fileID: 4529053437434644245, guid: bc56e1d9c1ab54af2be27440a3ebfeb0, type: 3}
  m_SourcePrefab: {fileID: 100100000, guid: bc56e1d9c1ab54af2be27440a3ebfeb0, type: 3}
--- !u!1 &5592323723018889206 stripped
GameObject:
  m_CorrespondingSourceObject: {fileID: 5560202251135155917, guid: bc56e1d9c1ab54af2be27440a3ebfeb0,
    type: 3}
  m_PrefabInstance: {fileID: 50140715392112955}
  m_PrefabAsset: {fileID: 0}
--- !u!4 &5592323723018889200 stripped
Transform:
  m_CorrespondingSourceObject: {fileID: 5560202251135155915, guid: bc56e1d9c1ab54af2be27440a3ebfeb0,
    type: 3}
  m_PrefabInstance: {fileID: 50140715392112955}
  m_PrefabAsset: {fileID: 0}
--- !u!114 &4812886850738658537 stripped
MonoBehaviour:
  m_CorrespondingSourceObject: {fileID: 4789839476297172434, guid: bc56e1d9c1ab54af2be27440a3ebfeb0,
    type: 3}
  m_PrefabInstance: {fileID: 50140715392112955}
  m_PrefabAsset: {fileID: 0}
  m_GameObject: {fileID: 5592323723018889206}
  m_Enabled: 1
  m_EditorHideFlags: 0
  m_Script: {fileID: 11500000, guid: 8e95e0c4a198c4991b89b5496b8f3684, type: 3}
  m_Name: 
  m_EditorClassIdentifier: 
--- !u!114 &5908930439308773925 stripped
MonoBehaviour:
  m_CorrespondingSourceObject: {fileID: 5958999368307905310, guid: bc56e1d9c1ab54af2be27440a3ebfeb0,
    type: 3}
  m_PrefabInstance: {fileID: 50140715392112955}
  m_PrefabAsset: {fileID: 0}
  m_GameObject: {fileID: 5592323723018889206}
  m_Enabled: 1
  m_EditorHideFlags: 0
  m_Script: {fileID: 11500000, guid: 1c8064d3a39992e42b269502feb3aa52, type: 3}
  m_Name: 
  m_EditorClassIdentifier: 
--- !u!114 &6770247580098523297 stripped
MonoBehaviour:
  m_CorrespondingSourceObject: {fileID: 6721309060697909658, guid: bc56e1d9c1ab54af2be27440a3ebfeb0,
    type: 3}
  m_PrefabInstance: {fileID: 50140715392112955}
  m_PrefabAsset: {fileID: 0}
  m_GameObject: {fileID: 0}
  m_Enabled: 1
  m_EditorHideFlags: 0
  m_Script: {fileID: 11500000, guid: eb325c32cf6834cd6a37715eb591e3a3, type: 3}
  m_Name: 
  m_EditorClassIdentifier: 
--- !u!1001 &6606614319485392103
PrefabInstance:
  m_ObjectHideFlags: 0
  serializedVersion: 2
  m_Modification:
    m_TransformParent: {fileID: 5592323723018889200}
    m_Modifications:
    - target: {fileID: 5202605253209385612, guid: 13ab7833dd87ce24b825d984d6388103,
        type: 3}
      propertyPath: m_Name
      value: deerView
      objectReference: {fileID: 0}
    - target: {fileID: 8148454482983130233, guid: 13ab7833dd87ce24b825d984d6388103,
        type: 3}
      propertyPath: m_LocalPosition.x
      value: 0
      objectReference: {fileID: 0}
    - target: {fileID: 8148454482983130233, guid: 13ab7833dd87ce24b825d984d6388103,
        type: 3}
      propertyPath: m_LocalPosition.y
      value: 0
      objectReference: {fileID: 0}
    - target: {fileID: 8148454482983130233, guid: 13ab7833dd87ce24b825d984d6388103,
        type: 3}
      propertyPath: m_LocalPosition.z
      value: 0
      objectReference: {fileID: 0}
    - target: {fileID: 8148454482983130233, guid: 13ab7833dd87ce24b825d984d6388103,
        type: 3}
      propertyPath: m_LocalRotation.x
      value: 0
      objectReference: {fileID: 0}
    - target: {fileID: 8148454482983130233, guid: 13ab7833dd87ce24b825d984d6388103,
        type: 3}
      propertyPath: m_LocalRotation.y
      value: 0
      objectReference: {fileID: 0}
    - target: {fileID: 8148454482983130233, guid: 13ab7833dd87ce24b825d984d6388103,
        type: 3}
      propertyPath: m_LocalRotation.z
      value: 0
      objectReference: {fileID: 0}
    - target: {fileID: 8148454482983130233, guid: 13ab7833dd87ce24b825d984d6388103,
        type: 3}
      propertyPath: m_LocalRotation.w
      value: 1
      objectReference: {fileID: 0}
    - target: {fileID: 8148454482983130233, guid: 13ab7833dd87ce24b825d984d6388103,
        type: 3}
      propertyPath: m_RootOrder
      value: 6
      objectReference: {fileID: 0}
    - target: {fileID: 8148454482983130233, guid: 13ab7833dd87ce24b825d984d6388103,
        type: 3}
      propertyPath: m_LocalEulerAnglesHint.x
      value: 0
      objectReference: {fileID: 0}
    - target: {fileID: 8148454482983130233, guid: 13ab7833dd87ce24b825d984d6388103,
        type: 3}
      propertyPath: m_LocalEulerAnglesHint.y
      value: 0
      objectReference: {fileID: 0}
    - target: {fileID: 8148454482983130233, guid: 13ab7833dd87ce24b825d984d6388103,
        type: 3}
      propertyPath: m_LocalEulerAnglesHint.z
      value: 0
      objectReference: {fileID: 0}
    - target: {fileID: 6014012982789654311, guid: 13ab7833dd87ce24b825d984d6388103,
        type: 3}
      propertyPath: m_LocalScale.x
      value: 0.21108
      objectReference: {fileID: 0}
    - target: {fileID: 6014012982789654311, guid: 13ab7833dd87ce24b825d984d6388103,
        type: 3}
      propertyPath: m_LocalScale.y
      value: 0.21108
      objectReference: {fileID: 0}
    - target: {fileID: 6014012982789654311, guid: 13ab7833dd87ce24b825d984d6388103,
        type: 3}
      propertyPath: m_LocalScale.z
      value: 0.21108
      objectReference: {fileID: 0}
    - target: {fileID: 9032114574554065015, guid: 13ab7833dd87ce24b825d984d6388103,
        type: 3}
      propertyPath: m_LocalScale.x
      value: 0.21108
      objectReference: {fileID: 0}
    - target: {fileID: 9032114574554065015, guid: 13ab7833dd87ce24b825d984d6388103,
        type: 3}
      propertyPath: m_LocalScale.y
      value: 0.21108
      objectReference: {fileID: 0}
    - target: {fileID: 9032114574554065015, guid: 13ab7833dd87ce24b825d984d6388103,
        type: 3}
      propertyPath: m_LocalScale.z
      value: 0.21108
      objectReference: {fileID: 0}
    - target: {fileID: 4347200511238895305, guid: 13ab7833dd87ce24b825d984d6388103,
        type: 3}
      propertyPath: m_LocalScale.x
      value: 0.21108
      objectReference: {fileID: 0}
    - target: {fileID: 4347200511238895305, guid: 13ab7833dd87ce24b825d984d6388103,
        type: 3}
      propertyPath: m_LocalScale.y
      value: 0.21108
      objectReference: {fileID: 0}
    - target: {fileID: 4347200511238895305, guid: 13ab7833dd87ce24b825d984d6388103,
        type: 3}
      propertyPath: m_LocalScale.z
      value: 0.21108
      objectReference: {fileID: 0}
    - target: {fileID: 6640799893551556946, guid: 13ab7833dd87ce24b825d984d6388103,
        type: 3}
      propertyPath: myEvents.Array.size
      value: 2
      objectReference: {fileID: 0}
    - target: {fileID: 6640799893551556946, guid: 13ab7833dd87ce24b825d984d6388103,
        type: 3}
      propertyPath: myEvents.Array.data[0].m_PersistentCalls.m_Calls.Array.size
      value: 1
      objectReference: {fileID: 0}
    - target: {fileID: 6640799893551556946, guid: 13ab7833dd87ce24b825d984d6388103,
        type: 3}
      propertyPath: myEvents.Array.data[1].m_PersistentCalls.m_Calls.Array.size
      value: 1
      objectReference: {fileID: 0}
    - target: {fileID: 6640799893551556946, guid: 13ab7833dd87ce24b825d984d6388103,
        type: 3}
      propertyPath: myEvents.Array.data[0].m_PersistentCalls.m_Calls.Array.data[0].m_Mode
      value: 4
      objectReference: {fileID: 0}
    - target: {fileID: 6640799893551556946, guid: 13ab7833dd87ce24b825d984d6388103,
        type: 3}
      propertyPath: myEvents.Array.data[0].m_PersistentCalls.m_Calls.Array.data[0].m_CallState
      value: 2
      objectReference: {fileID: 0}
    - target: {fileID: 6640799893551556946, guid: 13ab7833dd87ce24b825d984d6388103,
        type: 3}
      propertyPath: myEvents.Array.data[1].m_PersistentCalls.m_Calls.Array.data[0].m_Mode
      value: 4
      objectReference: {fileID: 0}
    - target: {fileID: 6640799893551556946, guid: 13ab7833dd87ce24b825d984d6388103,
        type: 3}
      propertyPath: myEvents.Array.data[1].m_PersistentCalls.m_Calls.Array.data[0].m_CallState
      value: 2
      objectReference: {fileID: 0}
    - target: {fileID: 6640799893551556946, guid: 13ab7833dd87ce24b825d984d6388103,
        type: 3}
      propertyPath: myEvents.Array.data[0].m_PersistentCalls.m_Calls.Array.data[0].m_Target
      value: 
      objectReference: {fileID: 4812886850738658537}
    - target: {fileID: 6640799893551556946, guid: 13ab7833dd87ce24b825d984d6388103,
        type: 3}
      propertyPath: myEvents.Array.data[1].m_PersistentCalls.m_Calls.Array.data[0].m_Target
      value: 
      objectReference: {fileID: 4812886850738658537}
    - target: {fileID: 6640799893551556946, guid: 13ab7833dd87ce24b825d984d6388103,
        type: 3}
      propertyPath: myEvents.Array.data[0].m_PersistentCalls.m_Calls.Array.data[0].m_MethodName
      value: SetMoveSpeed
      objectReference: {fileID: 0}
    - target: {fileID: 6640799893551556946, guid: 13ab7833dd87ce24b825d984d6388103,
        type: 3}
      propertyPath: myEvents.Array.data[0].m_PersistentCalls.m_Calls.Array.data[0].m_Arguments.m_ObjectArgumentAssemblyTypeName
      value: UnityEngine.Object, UnityEngine
      objectReference: {fileID: 0}
    - target: {fileID: 6640799893551556946, guid: 13ab7833dd87ce24b825d984d6388103,
        type: 3}
      propertyPath: myEvents.Array.data[1].m_PersistentCalls.m_Calls.Array.data[0].m_MethodName
      value: SetMoveSpeed
      objectReference: {fileID: 0}
    - target: {fileID: 6640799893551556946, guid: 13ab7833dd87ce24b825d984d6388103,
        type: 3}
      propertyPath: myEvents.Array.data[1].m_PersistentCalls.m_Calls.Array.data[0].m_Arguments.m_ObjectArgumentAssemblyTypeName
      value: UnityEngine.Object, UnityEngine
      objectReference: {fileID: 0}
    - target: {fileID: 6640799893551556946, guid: 13ab7833dd87ce24b825d984d6388103,
        type: 3}
      propertyPath: myEvents.Array.data[1].m_PersistentCalls.m_Calls.Array.data[0].m_Arguments.m_FloatArgument
      value: 4
      objectReference: {fileID: 0}
    - target: {fileID: 6312030563952742426, guid: 13ab7833dd87ce24b825d984d6388103,
        type: 3}
      propertyPath: m_LocalPosition.x
      value: 0.021
      objectReference: {fileID: 0}
    - target: {fileID: 6312030563952742426, guid: 13ab7833dd87ce24b825d984d6388103,
        type: 3}
      propertyPath: m_LocalPosition.y
      value: -0.047
      objectReference: {fileID: 0}
    - target: {fileID: 6312030563952742426, guid: 13ab7833dd87ce24b825d984d6388103,
        type: 3}
      propertyPath: m_LocalPosition.z
      value: 2.6744
      objectReference: {fileID: 0}
    - target: {fileID: 6312030563952742426, guid: 13ab7833dd87ce24b825d984d6388103,
        type: 3}
      propertyPath: m_LocalScale.x
      value: 0.21270992
      objectReference: {fileID: 0}
    - target: {fileID: 6312030563952742426, guid: 13ab7833dd87ce24b825d984d6388103,
        type: 3}
      propertyPath: m_LocalScale.y
      value: 0.21270992
      objectReference: {fileID: 0}
    - target: {fileID: 6312030563952742426, guid: 13ab7833dd87ce24b825d984d6388103,
        type: 3}
      propertyPath: m_LocalScale.z
      value: 0.21270992
      objectReference: {fileID: 0}
    - target: {fileID: 6657540688968541645, guid: 13ab7833dd87ce24b825d984d6388103,
        type: 3}
      propertyPath: m_LocalPosition.x
      value: 0.020999998
      objectReference: {fileID: 0}
    - target: {fileID: 6657540688968541645, guid: 13ab7833dd87ce24b825d984d6388103,
        type: 3}
      propertyPath: m_LocalPosition.y
      value: -0.04700005
      objectReference: {fileID: 0}
    - target: {fileID: 6657540688968541645, guid: 13ab7833dd87ce24b825d984d6388103,
        type: 3}
      propertyPath: m_LocalPosition.z
      value: 2.6744
      objectReference: {fileID: 0}
    - target: {fileID: 6657540688968541645, guid: 13ab7833dd87ce24b825d984d6388103,
        type: 3}
      propertyPath: m_LocalScale.x
      value: 0.21270992
      objectReference: {fileID: 0}
    - target: {fileID: 6657540688968541645, guid: 13ab7833dd87ce24b825d984d6388103,
        type: 3}
      propertyPath: m_LocalScale.y
      value: 0.21270992
      objectReference: {fileID: 0}
    - target: {fileID: 6657540688968541645, guid: 13ab7833dd87ce24b825d984d6388103,
        type: 3}
      propertyPath: m_LocalScale.z
      value: 0.21270992
      objectReference: {fileID: 0}
    - target: {fileID: 3075246598476229708, guid: 13ab7833dd87ce24b825d984d6388103,
        type: 3}
      propertyPath: m_LocalPosition.x
      value: 0.12316999
      objectReference: {fileID: 0}
    - target: {fileID: 3075246598476229708, guid: 13ab7833dd87ce24b825d984d6388103,
        type: 3}
      propertyPath: m_LocalPosition.y
      value: -0.015400052
      objectReference: {fileID: 0}
    - target: {fileID: 3075246598476229708, guid: 13ab7833dd87ce24b825d984d6388103,
        type: 3}
      propertyPath: m_LocalPosition.z
      value: 2.6744
      objectReference: {fileID: 0}
    - target: {fileID: 3075246598476229708, guid: 13ab7833dd87ce24b825d984d6388103,
        type: 3}
      propertyPath: m_LocalScale.x
      value: 0.21270992
      objectReference: {fileID: 0}
    - target: {fileID: 3075246598476229708, guid: 13ab7833dd87ce24b825d984d6388103,
        type: 3}
      propertyPath: m_LocalScale.y
      value: 0.21270992
      objectReference: {fileID: 0}
    - target: {fileID: 3075246598476229708, guid: 13ab7833dd87ce24b825d984d6388103,
        type: 3}
      propertyPath: m_LocalScale.z
      value: 0.21270992
      objectReference: {fileID: 0}
    - target: {fileID: 7418689445432079667, guid: 13ab7833dd87ce24b825d984d6388103,
        type: 3}
      propertyPath: m_IsActive
      value: 1
      objectReference: {fileID: 0}
    - target: {fileID: 2825712278942647684, guid: 13ab7833dd87ce24b825d984d6388103,
        type: 3}
      propertyPath: m_IsActive
      value: 1
      objectReference: {fileID: 0}
    - target: {fileID: 8912203966209169841, guid: 13ab7833dd87ce24b825d984d6388103,
        type: 3}
      propertyPath: m_LocalPosition.y
      value: 3.3719606
      objectReference: {fileID: 0}
    - target: {fileID: 8912203966209169841, guid: 13ab7833dd87ce24b825d984d6388103,
        type: 3}
      propertyPath: m_LocalPosition.x
      value: 0.4239202
      objectReference: {fileID: 0}
    - target: {fileID: 8912203966209169841, guid: 13ab7833dd87ce24b825d984d6388103,
        type: 3}
      propertyPath: m_LocalRotation.x
      value: 0
      objectReference: {fileID: 0}
    - target: {fileID: 8912203966209169841, guid: 13ab7833dd87ce24b825d984d6388103,
        type: 3}
      propertyPath: m_LocalRotation.y
      value: 0
      objectReference: {fileID: 0}
    - target: {fileID: 8912203966209169841, guid: 13ab7833dd87ce24b825d984d6388103,
        type: 3}
      propertyPath: m_LocalRotation.z
      value: 0.7210994
      objectReference: {fileID: 0}
    - target: {fileID: 8912203966209169841, guid: 13ab7833dd87ce24b825d984d6388103,
        type: 3}
      propertyPath: m_LocalRotation.w
      value: 0.69283164
      objectReference: {fileID: 0}
    - target: {fileID: 8912203966209169841, guid: 13ab7833dd87ce24b825d984d6388103,
        type: 3}
      propertyPath: m_LocalEulerAnglesHint.z
      value: 0
      objectReference: {fileID: 0}
    - target: {fileID: 8912203966209169841, guid: 13ab7833dd87ce24b825d984d6388103,
        type: 3}
      propertyPath: m_LocalScale.x
      value: 1
      objectReference: {fileID: 0}
    - target: {fileID: 8912203966209169841, guid: 13ab7833dd87ce24b825d984d6388103,
        type: 3}
      propertyPath: m_LocalScale.y
      value: 1
      objectReference: {fileID: 0}
    - target: {fileID: 3688404237648077808, guid: 13ab7833dd87ce24b825d984d6388103,
        type: 3}
      propertyPath: m_IsActive
      value: 1
      objectReference: {fileID: 0}
    - target: {fileID: 3979838059418468692, guid: 13ab7833dd87ce24b825d984d6388103,
        type: 3}
      propertyPath: m_LocalPosition.x
      value: 0.45950165
      objectReference: {fileID: 0}
    - target: {fileID: 3979838059418468692, guid: 13ab7833dd87ce24b825d984d6388103,
        type: 3}
      propertyPath: m_LocalPosition.y
      value: 1.3053076
      objectReference: {fileID: 0}
    - target: {fileID: 3979838059418468692, guid: 13ab7833dd87ce24b825d984d6388103,
        type: 3}
      propertyPath: m_LocalScale.x
      value: 1
      objectReference: {fileID: 0}
    - target: {fileID: 3979838059418468692, guid: 13ab7833dd87ce24b825d984d6388103,
        type: 3}
      propertyPath: m_LocalRotation.x
      value: 0
      objectReference: {fileID: 0}
    - target: {fileID: 3979838059418468692, guid: 13ab7833dd87ce24b825d984d6388103,
        type: 3}
      propertyPath: m_LocalRotation.z
      value: -0.99610543
      objectReference: {fileID: 0}
    - target: {fileID: 3979838059418468692, guid: 13ab7833dd87ce24b825d984d6388103,
        type: 3}
      propertyPath: m_LocalRotation.w
      value: 0.08817065
      objectReference: {fileID: 0}
    - target: {fileID: 3979838059418468692, guid: 13ab7833dd87ce24b825d984d6388103,
        type: 3}
      propertyPath: m_LocalEulerAnglesHint.z
      value: 0
      objectReference: {fileID: 0}
    - target: {fileID: 6842617985172729275, guid: 13ab7833dd87ce24b825d984d6388103,
        type: 3}
      propertyPath: m_LocalPosition.x
      value: 0.35805973
      objectReference: {fileID: 0}
    - target: {fileID: 6842617985172729275, guid: 13ab7833dd87ce24b825d984d6388103,
        type: 3}
      propertyPath: m_LocalPosition.y
      value: -1.1683075
      objectReference: {fileID: 0}
    - target: {fileID: 6842617985172729275, guid: 13ab7833dd87ce24b825d984d6388103,
        type: 3}
      propertyPath: m_LocalScale.x
      value: 1
      objectReference: {fileID: 0}
    - target: {fileID: 6842617985172729275, guid: 13ab7833dd87ce24b825d984d6388103,
        type: 3}
      propertyPath: m_LocalRotation.x
      value: 0
      objectReference: {fileID: 0}
    - target: {fileID: 6842617985172729275, guid: 13ab7833dd87ce24b825d984d6388103,
        type: 3}
      propertyPath: m_LocalRotation.z
      value: 0.98794
      objectReference: {fileID: 0}
    - target: {fileID: 6842617985172729275, guid: 13ab7833dd87ce24b825d984d6388103,
        type: 3}
      propertyPath: m_LocalRotation.w
      value: 0.15483737
      objectReference: {fileID: 0}
    - target: {fileID: 6842617985172729275, guid: 13ab7833dd87ce24b825d984d6388103,
        type: 3}
      propertyPath: m_LocalEulerAnglesHint.z
      value: 0
      objectReference: {fileID: 0}
    - target: {fileID: 6628520424893312919, guid: 13ab7833dd87ce24b825d984d6388103,
        type: 3}
      propertyPath: m_LocalRotation.x
      value: 0
      objectReference: {fileID: 0}
    - target: {fileID: 6628520424893312919, guid: 13ab7833dd87ce24b825d984d6388103,
        type: 3}
      propertyPath: m_LocalRotation.y
      value: 0
      objectReference: {fileID: 0}
    - target: {fileID: 6628520424893312919, guid: 13ab7833dd87ce24b825d984d6388103,
        type: 3}
      propertyPath: m_LocalRotation.z
      value: -0.022911528
      objectReference: {fileID: 0}
    - target: {fileID: 6628520424893312919, guid: 13ab7833dd87ce24b825d984d6388103,
        type: 3}
      propertyPath: m_LocalRotation.w
      value: 0.9997375
      objectReference: {fileID: 0}
    - target: {fileID: 6628520424893312919, guid: 13ab7833dd87ce24b825d984d6388103,
        type: 3}
      propertyPath: m_LocalEulerAnglesHint.z
      value: 0
      objectReference: {fileID: 0}
    - target: {fileID: 7200589349811931591, guid: 13ab7833dd87ce24b825d984d6388103,
        type: 3}
      propertyPath: m_LocalRotation.x
      value: 0
      objectReference: {fileID: 0}
    - target: {fileID: 7200589349811931591, guid: 13ab7833dd87ce24b825d984d6388103,
        type: 3}
      propertyPath: m_LocalRotation.y
      value: 0
      objectReference: {fileID: 0}
    - target: {fileID: 7200589349811931591, guid: 13ab7833dd87ce24b825d984d6388103,
        type: 3}
      propertyPath: m_LocalRotation.z
      value: -0.0018188067
      objectReference: {fileID: 0}
    - target: {fileID: 7200589349811931591, guid: 13ab7833dd87ce24b825d984d6388103,
        type: 3}
      propertyPath: m_LocalRotation.w
      value: 0.99999833
      objectReference: {fileID: 0}
    - target: {fileID: 7200589349811931591, guid: 13ab7833dd87ce24b825d984d6388103,
        type: 3}
      propertyPath: m_LocalEulerAnglesHint.z
      value: 0
      objectReference: {fileID: 0}
    - target: {fileID: 7200589349811931591, guid: 13ab7833dd87ce24b825d984d6388103,
        type: 3}
      propertyPath: m_LocalScale.x
      value: 1
      objectReference: {fileID: 0}
    - target: {fileID: 7200589349811931591, guid: 13ab7833dd87ce24b825d984d6388103,
        type: 3}
      propertyPath: m_LocalScale.y
      value: 1
      objectReference: {fileID: 0}
    - target: {fileID: 3363177067639705204, guid: 13ab7833dd87ce24b825d984d6388103,
        type: 3}
      propertyPath: m_LocalRotation.x
      value: 0
      objectReference: {fileID: 0}
    - target: {fileID: 3363177067639705204, guid: 13ab7833dd87ce24b825d984d6388103,
        type: 3}
      propertyPath: m_LocalRotation.y
      value: 0
      objectReference: {fileID: 0}
    - target: {fileID: 3363177067639705204, guid: 13ab7833dd87ce24b825d984d6388103,
        type: 3}
      propertyPath: m_LocalRotation.z
      value: -0.108063325
      objectReference: {fileID: 0}
    - target: {fileID: 3363177067639705204, guid: 13ab7833dd87ce24b825d984d6388103,
        type: 3}
      propertyPath: m_LocalRotation.w
      value: 0.994144
      objectReference: {fileID: 0}
    - target: {fileID: 3363177067639705204, guid: 13ab7833dd87ce24b825d984d6388103,
        type: 3}
      propertyPath: m_LocalEulerAnglesHint.z
      value: 0
      objectReference: {fileID: 0}
    - target: {fileID: 186723507152584054, guid: 13ab7833dd87ce24b825d984d6388103,
        type: 3}
      propertyPath: m_LocalRotation.x
      value: 0
      objectReference: {fileID: 0}
    - target: {fileID: 186723507152584054, guid: 13ab7833dd87ce24b825d984d6388103,
        type: 3}
      propertyPath: m_LocalRotation.y
      value: 0
      objectReference: {fileID: 0}
    - target: {fileID: 186723507152584054, guid: 13ab7833dd87ce24b825d984d6388103,
        type: 3}
      propertyPath: m_LocalRotation.z
      value: 0.14581904
      objectReference: {fileID: 0}
    - target: {fileID: 186723507152584054, guid: 13ab7833dd87ce24b825d984d6388103,
        type: 3}
      propertyPath: m_LocalRotation.w
      value: 0.98931134
      objectReference: {fileID: 0}
    - target: {fileID: 186723507152584054, guid: 13ab7833dd87ce24b825d984d6388103,
        type: 3}
      propertyPath: m_LocalPosition.x
      value: 1.9006746
      objectReference: {fileID: 0}
    - target: {fileID: 186723507152584054, guid: 13ab7833dd87ce24b825d984d6388103,
        type: 3}
      propertyPath: m_LocalPosition.y
      value: -0.00000033450894
      objectReference: {fileID: 0}
    - target: {fileID: 186723507152584054, guid: 13ab7833dd87ce24b825d984d6388103,
        type: 3}
      propertyPath: m_LocalEulerAnglesHint.z
      value: 0
      objectReference: {fileID: 0}
    - target: {fileID: 5514384763444349324, guid: 13ab7833dd87ce24b825d984d6388103,
        type: 3}
      propertyPath: m_LocalRotation.x
      value: 0
      objectReference: {fileID: 0}
    - target: {fileID: 5514384763444349324, guid: 13ab7833dd87ce24b825d984d6388103,
        type: 3}
      propertyPath: m_LocalRotation.y
      value: 0
      objectReference: {fileID: 0}
    - target: {fileID: 5514384763444349324, guid: 13ab7833dd87ce24b825d984d6388103,
        type: 3}
      propertyPath: m_LocalRotation.z
      value: -0.037484575
      objectReference: {fileID: 0}
    - target: {fileID: 5514384763444349324, guid: 13ab7833dd87ce24b825d984d6388103,
        type: 3}
      propertyPath: m_LocalRotation.w
      value: 0.9992972
      objectReference: {fileID: 0}
    - target: {fileID: 5514384763444349324, guid: 13ab7833dd87ce24b825d984d6388103,
        type: 3}
      propertyPath: m_LocalEulerAnglesHint.z
      value: 0
      objectReference: {fileID: 0}
    - target: {fileID: 1538014489276587972, guid: 13ab7833dd87ce24b825d984d6388103,
        type: 3}
      propertyPath: m_LocalRotation.x
      value: 0
      objectReference: {fileID: 0}
    - target: {fileID: 1538014489276587972, guid: 13ab7833dd87ce24b825d984d6388103,
        type: 3}
      propertyPath: m_LocalRotation.z
      value: 0.985584
      objectReference: {fileID: 0}
    - target: {fileID: 1538014489276587972, guid: 13ab7833dd87ce24b825d984d6388103,
        type: 3}
      propertyPath: m_LocalRotation.w
      value: 0.16918673
      objectReference: {fileID: 0}
    - target: {fileID: 1538014489276587972, guid: 13ab7833dd87ce24b825d984d6388103,
        type: 3}
      propertyPath: m_LocalEulerAnglesHint.z
      value: 0
      objectReference: {fileID: 0}
    - target: {fileID: 3116033374104032322, guid: 13ab7833dd87ce24b825d984d6388103,
        type: 3}
      propertyPath: m_LocalRotation.x
      value: 0
      objectReference: {fileID: 0}
    - target: {fileID: 3116033374104032322, guid: 13ab7833dd87ce24b825d984d6388103,
        type: 3}
      propertyPath: m_LocalRotation.y
      value: 0
      objectReference: {fileID: 0}
    - target: {fileID: 3116033374104032322, guid: 13ab7833dd87ce24b825d984d6388103,
        type: 3}
      propertyPath: m_LocalRotation.z
      value: -0.9330394
      objectReference: {fileID: 0}
    - target: {fileID: 3116033374104032322, guid: 13ab7833dd87ce24b825d984d6388103,
        type: 3}
      propertyPath: m_LocalRotation.w
      value: 0.35977435
      objectReference: {fileID: 0}
    - target: {fileID: 3116033374104032322, guid: 13ab7833dd87ce24b825d984d6388103,
        type: 3}
      propertyPath: m_LocalEulerAnglesHint.z
      value: 0
      objectReference: {fileID: 0}
    - target: {fileID: 8874786466883608456, guid: 13ab7833dd87ce24b825d984d6388103,
        type: 3}
      propertyPath: m_LocalRotation.x
      value: 0
      objectReference: {fileID: 0}
    - target: {fileID: 8874786466883608456, guid: 13ab7833dd87ce24b825d984d6388103,
        type: 3}
      propertyPath: m_LocalRotation.y
      value: 0
      objectReference: {fileID: 0}
    - target: {fileID: 8874786466883608456, guid: 13ab7833dd87ce24b825d984d6388103,
        type: 3}
      propertyPath: m_LocalRotation.z
      value: -0.086741075
      objectReference: {fileID: 0}
    - target: {fileID: 8874786466883608456, guid: 13ab7833dd87ce24b825d984d6388103,
        type: 3}
      propertyPath: m_LocalRotation.w
      value: 0.9962309
      objectReference: {fileID: 0}
    - target: {fileID: 8874786466883608456, guid: 13ab7833dd87ce24b825d984d6388103,
        type: 3}
      propertyPath: m_LocalEulerAnglesHint.z
      value: 0
      objectReference: {fileID: 0}
    - target: {fileID: 2565668297709958228, guid: 13ab7833dd87ce24b825d984d6388103,
        type: 3}
      propertyPath: m_LocalRotation.x
      value: 0
      objectReference: {fileID: 0}
    - target: {fileID: 2565668297709958228, guid: 13ab7833dd87ce24b825d984d6388103,
        type: 3}
      propertyPath: m_LocalRotation.y
      value: 0
      objectReference: {fileID: 0}
    - target: {fileID: 2565668297709958228, guid: 13ab7833dd87ce24b825d984d6388103,
        type: 3}
      propertyPath: m_LocalRotation.z
      value: -0.040282097
      objectReference: {fileID: 0}
    - target: {fileID: 2565668297709958228, guid: 13ab7833dd87ce24b825d984d6388103,
        type: 3}
      propertyPath: m_LocalRotation.w
      value: 0.99918836
      objectReference: {fileID: 0}
    - target: {fileID: 2565668297709958228, guid: 13ab7833dd87ce24b825d984d6388103,
        type: 3}
      propertyPath: m_LocalEulerAnglesHint.z
      value: 0
      objectReference: {fileID: 0}
    - target: {fileID: 244430056794403771, guid: 13ab7833dd87ce24b825d984d6388103,
        type: 3}
      propertyPath: m_LocalRotation.x
      value: 0
      objectReference: {fileID: 0}
    - target: {fileID: 244430056794403771, guid: 13ab7833dd87ce24b825d984d6388103,
        type: 3}
      propertyPath: m_LocalRotation.y
      value: 0
      objectReference: {fileID: 0}
    - target: {fileID: 244430056794403771, guid: 13ab7833dd87ce24b825d984d6388103,
        type: 3}
      propertyPath: m_LocalRotation.z
      value: 0.91415733
      objectReference: {fileID: 0}
    - target: {fileID: 244430056794403771, guid: 13ab7833dd87ce24b825d984d6388103,
        type: 3}
      propertyPath: m_LocalRotation.w
      value: 0.4053597
      objectReference: {fileID: 0}
    - target: {fileID: 244430056794403771, guid: 13ab7833dd87ce24b825d984d6388103,
        type: 3}
      propertyPath: m_LocalEulerAnglesHint.z
      value: 0
      objectReference: {fileID: 0}
    - target: {fileID: 7929772988769844052, guid: 13ab7833dd87ce24b825d984d6388103,
        type: 3}
      propertyPath: m_LocalRotation.x
      value: 0
      objectReference: {fileID: 0}
    - target: {fileID: 7929772988769844052, guid: 13ab7833dd87ce24b825d984d6388103,
        type: 3}
      propertyPath: m_LocalRotation.y
      value: 0
      objectReference: {fileID: 0}
    - target: {fileID: 7929772988769844052, guid: 13ab7833dd87ce24b825d984d6388103,
        type: 3}
      propertyPath: m_LocalRotation.z
      value: -0.018674072
      objectReference: {fileID: 0}
    - target: {fileID: 7929772988769844052, guid: 13ab7833dd87ce24b825d984d6388103,
        type: 3}
      propertyPath: m_LocalRotation.w
      value: 0.99982566
      objectReference: {fileID: 0}
    - target: {fileID: 7929772988769844052, guid: 13ab7833dd87ce24b825d984d6388103,
        type: 3}
      propertyPath: m_LocalEulerAnglesHint.z
      value: 0
      objectReference: {fileID: 0}
    - target: {fileID: 8593888347894213666, guid: 13ab7833dd87ce24b825d984d6388103,
        type: 3}
      propertyPath: m_LocalRotation.x
      value: 0
      objectReference: {fileID: 0}
    - target: {fileID: 8593888347894213666, guid: 13ab7833dd87ce24b825d984d6388103,
        type: 3}
      propertyPath: m_LocalRotation.z
      value: -0.9876843
      objectReference: {fileID: 0}
    - target: {fileID: 8593888347894213666, guid: 13ab7833dd87ce24b825d984d6388103,
        type: 3}
      propertyPath: m_LocalRotation.w
      value: 0.15646003
      objectReference: {fileID: 0}
    - target: {fileID: 8593888347894213666, guid: 13ab7833dd87ce24b825d984d6388103,
        type: 3}
      propertyPath: m_LocalEulerAnglesHint.z
      value: 0
      objectReference: {fileID: 0}
    - target: {fileID: 4200810805145999660, guid: 13ab7833dd87ce24b825d984d6388103,
        type: 3}
      propertyPath: m_LocalScale.y
      value: 1
      objectReference: {fileID: 0}
    - target: {fileID: 4200810805145999660, guid: 13ab7833dd87ce24b825d984d6388103,
        type: 3}
      propertyPath: m_LocalScale.x
      value: 1
      objectReference: {fileID: 0}
    - target: {fileID: 6542749345776231973, guid: 13ab7833dd87ce24b825d984d6388103,
        type: 3}
      propertyPath: m_LocalPosition.x
      value: 0.5541585
      objectReference: {fileID: 0}
    - target: {fileID: 6542749345776231973, guid: 13ab7833dd87ce24b825d984d6388103,
        type: 3}
      propertyPath: m_LocalPosition.y
      value: 1.1426808
      objectReference: {fileID: 0}
    - target: {fileID: 341837053479170773, guid: 13ab7833dd87ce24b825d984d6388103,
        type: 3}
      propertyPath: m_LocalPosition.x
      value: 0.4238616
      objectReference: {fileID: 0}
    - target: {fileID: 341837053479170773, guid: 13ab7833dd87ce24b825d984d6388103,
        type: 3}
      propertyPath: m_LocalPosition.y
      value: -1.199915
      objectReference: {fileID: 0}
    - target: {fileID: 5139235017835374641, guid: 13ab7833dd87ce24b825d984d6388103,
        type: 3}
      propertyPath: m_LocalScale.y
      value: 1.0000001
      objectReference: {fileID: 0}
    - target: {fileID: 5139235017835374641, guid: 13ab7833dd87ce24b825d984d6388103,
        type: 3}
      propertyPath: m_LocalScale.x
      value: 1.0000001
      objectReference: {fileID: 0}
    - target: {fileID: 2804442869145015239, guid: 13ab7833dd87ce24b825d984d6388103,
        type: 3}
      propertyPath: m_LocalRotation.x
      value: 0
      objectReference: {fileID: 0}
    - target: {fileID: 2804442869145015239, guid: 13ab7833dd87ce24b825d984d6388103,
        type: 3}
      propertyPath: m_LocalRotation.z
      value: 0.9851404
      objectReference: {fileID: 0}
    - target: {fileID: 2804442869145015239, guid: 13ab7833dd87ce24b825d984d6388103,
        type: 3}
      propertyPath: m_LocalRotation.w
      value: 0.17175098
      objectReference: {fileID: 0}
    - target: {fileID: 2804442869145015239, guid: 13ab7833dd87ce24b825d984d6388103,
        type: 3}
      propertyPath: m_LocalEulerAnglesHint.z
      value: 0
      objectReference: {fileID: 0}
    - target: {fileID: 5530928597334973856, guid: 13ab7833dd87ce24b825d984d6388103,
        type: 3}
      propertyPath: m_LocalRotation.x
      value: 0
      objectReference: {fileID: 0}
    - target: {fileID: 5530928597334973856, guid: 13ab7833dd87ce24b825d984d6388103,
        type: 3}
      propertyPath: m_LocalRotation.y
      value: 0
      objectReference: {fileID: 0}
    - target: {fileID: 5530928597334973856, guid: 13ab7833dd87ce24b825d984d6388103,
        type: 3}
      propertyPath: m_LocalRotation.z
      value: -0.60644394
      objectReference: {fileID: 0}
    - target: {fileID: 5530928597334973856, guid: 13ab7833dd87ce24b825d984d6388103,
        type: 3}
      propertyPath: m_LocalRotation.w
      value: 0.7951263
      objectReference: {fileID: 0}
    - target: {fileID: 5530928597334973856, guid: 13ab7833dd87ce24b825d984d6388103,
        type: 3}
      propertyPath: m_LocalEulerAnglesHint.z
      value: 0
      objectReference: {fileID: 0}
    - target: {fileID: 401841535659447459, guid: 13ab7833dd87ce24b825d984d6388103,
        type: 3}
      propertyPath: m_LocalRotation.x
      value: 0
      objectReference: {fileID: 0}
    - target: {fileID: 401841535659447459, guid: 13ab7833dd87ce24b825d984d6388103,
        type: 3}
      propertyPath: m_LocalRotation.y
      value: 0
      objectReference: {fileID: 0}
    - target: {fileID: 401841535659447459, guid: 13ab7833dd87ce24b825d984d6388103,
        type: 3}
      propertyPath: m_LocalRotation.z
      value: -0.03691694
      objectReference: {fileID: 0}
    - target: {fileID: 401841535659447459, guid: 13ab7833dd87ce24b825d984d6388103,
        type: 3}
      propertyPath: m_LocalRotation.w
      value: 0.99931836
      objectReference: {fileID: 0}
    - target: {fileID: 401841535659447459, guid: 13ab7833dd87ce24b825d984d6388103,
        type: 3}
      propertyPath: m_LocalEulerAnglesHint.z
      value: 0
      objectReference: {fileID: 0}
    - target: {fileID: 1864877143510530837, guid: 13ab7833dd87ce24b825d984d6388103,
        type: 3}
      propertyPath: m_LocalPosition.x
      value: 2.2834404
      objectReference: {fileID: 0}
    - target: {fileID: 1864877143510530837, guid: 13ab7833dd87ce24b825d984d6388103,
        type: 3}
      propertyPath: m_LocalPosition.y
      value: -0.00000013988215
      objectReference: {fileID: 0}
    - target: {fileID: 1864877143510530837, guid: 13ab7833dd87ce24b825d984d6388103,
        type: 3}
      propertyPath: m_LocalRotation.x
      value: 0
      objectReference: {fileID: 0}
    - target: {fileID: 1864877143510530837, guid: 13ab7833dd87ce24b825d984d6388103,
        type: 3}
      propertyPath: m_LocalRotation.y
      value: 0
      objectReference: {fileID: 0}
    - target: {fileID: 1864877143510530837, guid: 13ab7833dd87ce24b825d984d6388103,
        type: 3}
      propertyPath: m_LocalRotation.z
      value: -0.060791753
      objectReference: {fileID: 0}
    - target: {fileID: 1864877143510530837, guid: 13ab7833dd87ce24b825d984d6388103,
        type: 3}
      propertyPath: m_LocalRotation.w
      value: 0.99815047
      objectReference: {fileID: 0}
    - target: {fileID: 1864877143510530837, guid: 13ab7833dd87ce24b825d984d6388103,
        type: 3}
      propertyPath: m_LocalEulerAnglesHint.z
      value: 0
      objectReference: {fileID: 0}
    - target: {fileID: 3387003314947624595, guid: 13ab7833dd87ce24b825d984d6388103,
        type: 3}
      propertyPath: m_LocalRotation.x
      value: 0
      objectReference: {fileID: 0}
    - target: {fileID: 3387003314947624595, guid: 13ab7833dd87ce24b825d984d6388103,
        type: 3}
      propertyPath: m_LocalRotation.y
      value: 0
      objectReference: {fileID: 0}
    - target: {fileID: 3387003314947624595, guid: 13ab7833dd87ce24b825d984d6388103,
        type: 3}
      propertyPath: m_LocalRotation.z
      value: -0.26154673
      objectReference: {fileID: 0}
    - target: {fileID: 3387003314947624595, guid: 13ab7833dd87ce24b825d984d6388103,
        type: 3}
      propertyPath: m_LocalRotation.w
      value: -0.96519077
      objectReference: {fileID: 0}
    - target: {fileID: 3387003314947624595, guid: 13ab7833dd87ce24b825d984d6388103,
        type: 3}
      propertyPath: m_LocalEulerAnglesHint.z
      value: 0
      objectReference: {fileID: 0}
    - target: {fileID: 8441522234169561586, guid: 13ab7833dd87ce24b825d984d6388103,
        type: 3}
      propertyPath: m_LocalScale.y
      value: 1.0000001
      objectReference: {fileID: 0}
    - target: {fileID: 8441522234169561586, guid: 13ab7833dd87ce24b825d984d6388103,
        type: 3}
      propertyPath: m_LocalScale.x
      value: 1
      objectReference: {fileID: 0}
    - target: {fileID: 6602340665016052719, guid: 13ab7833dd87ce24b825d984d6388103,
        type: 3}
      propertyPath: m_LocalRotation.x
      value: 0
      objectReference: {fileID: 0}
    - target: {fileID: 6602340665016052719, guid: 13ab7833dd87ce24b825d984d6388103,
        type: 3}
      propertyPath: m_LocalRotation.z
      value: -0.94926846
      objectReference: {fileID: 0}
    - target: {fileID: 6602340665016052719, guid: 13ab7833dd87ce24b825d984d6388103,
        type: 3}
      propertyPath: m_LocalRotation.w
      value: 0.3144669
      objectReference: {fileID: 0}
    - target: {fileID: 6602340665016052719, guid: 13ab7833dd87ce24b825d984d6388103,
        type: 3}
      propertyPath: m_LocalEulerAnglesHint.z
      value: 0
      objectReference: {fileID: 0}
    - target: {fileID: 6602340665016052719, guid: 13ab7833dd87ce24b825d984d6388103,
        type: 3}
      propertyPath: m_LocalPosition.x
      value: 0.33991572
      objectReference: {fileID: 0}
    - target: {fileID: 6602340665016052719, guid: 13ab7833dd87ce24b825d984d6388103,
        type: 3}
      propertyPath: m_LocalPosition.y
      value: -0.8747964
      objectReference: {fileID: 0}
    - target: {fileID: 4812299093743349203, guid: 13ab7833dd87ce24b825d984d6388103,
        type: 3}
      propertyPath: m_LocalRotation.x
      value: 0
      objectReference: {fileID: 0}
    - target: {fileID: 4812299093743349203, guid: 13ab7833dd87ce24b825d984d6388103,
        type: 3}
      propertyPath: m_LocalRotation.y
      value: 0
      objectReference: {fileID: 0}
    - target: {fileID: 4812299093743349203, guid: 13ab7833dd87ce24b825d984d6388103,
        type: 3}
      propertyPath: m_LocalRotation.z
      value: 0.01978395
      objectReference: {fileID: 0}
    - target: {fileID: 4812299093743349203, guid: 13ab7833dd87ce24b825d984d6388103,
        type: 3}
      propertyPath: m_LocalRotation.w
      value: 0.9998043
      objectReference: {fileID: 0}
    - target: {fileID: 4812299093743349203, guid: 13ab7833dd87ce24b825d984d6388103,
        type: 3}
      propertyPath: m_LocalEulerAnglesHint.z
      value: 0
      objectReference: {fileID: 0}
    - target: {fileID: 6142610280440626030, guid: 13ab7833dd87ce24b825d984d6388103,
        type: 3}
      propertyPath: m_LocalRotation.x
      value: 0
      objectReference: {fileID: 0}
    - target: {fileID: 6142610280440626030, guid: 13ab7833dd87ce24b825d984d6388103,
        type: 3}
      propertyPath: m_LocalRotation.z
      value: 0.9757052
      objectReference: {fileID: 0}
    - target: {fileID: 6142610280440626030, guid: 13ab7833dd87ce24b825d984d6388103,
        type: 3}
      propertyPath: m_LocalRotation.w
      value: 0.21908775
      objectReference: {fileID: 0}
    - target: {fileID: 6142610280440626030, guid: 13ab7833dd87ce24b825d984d6388103,
        type: 3}
      propertyPath: m_LocalEulerAnglesHint.z
      value: 0
      objectReference: {fileID: 0}
    - target: {fileID: 6142610280440626030, guid: 13ab7833dd87ce24b825d984d6388103,
        type: 3}
      propertyPath: m_LocalPosition.x
      value: 0.39732078
      objectReference: {fileID: 0}
    - target: {fileID: 6142610280440626030, guid: 13ab7833dd87ce24b825d984d6388103,
        type: 3}
      propertyPath: m_LocalPosition.y
      value: 0.5644358
      objectReference: {fileID: 0}
    - target: {fileID: 458222157508500257, guid: 13ab7833dd87ce24b825d984d6388103,
        type: 3}
      propertyPath: m_LocalScale.y
      value: 1
      objectReference: {fileID: 0}
    - target: {fileID: 458222157508500257, guid: 13ab7833dd87ce24b825d984d6388103,
        type: 3}
      propertyPath: m_LocalScale.x
      value: 1
      objectReference: {fileID: 0}
    - target: {fileID: 1647892824872620153, guid: 13ab7833dd87ce24b825d984d6388103,
        type: 3}
      propertyPath: m_LocalScale.y
      value: 1.0000002
      objectReference: {fileID: 0}
    - target: {fileID: 1647892824872620153, guid: 13ab7833dd87ce24b825d984d6388103,
        type: 3}
      propertyPath: m_LocalScale.x
      value: 1
      objectReference: {fileID: 0}
    - target: {fileID: 2533295039450595473, guid: 13ab7833dd87ce24b825d984d6388103,
        type: 3}
      propertyPath: m_LocalScale.y
      value: 1.0000002
      objectReference: {fileID: 0}
    - target: {fileID: 2533295039450595473, guid: 13ab7833dd87ce24b825d984d6388103,
        type: 3}
      propertyPath: m_LocalScale.x
      value: 1
      objectReference: {fileID: 0}
    - target: {fileID: 780016084115446007, guid: 13ab7833dd87ce24b825d984d6388103,
        type: 3}
      propertyPath: m_Name
      value: head
      objectReference: {fileID: 0}
    - target: {fileID: 2489682577314498274, guid: 13ab7833dd87ce24b825d984d6388103,
        type: 3}
      propertyPath: m_Name
      value: upperRightAntler
      objectReference: {fileID: 0}
    m_RemovedComponents: []
  m_SourcePrefab: {fileID: 100100000, guid: 13ab7833dd87ce24b825d984d6388103, type: 3}
--- !u!1 &1413063007928319595 stripped
GameObject:
  m_CorrespondingSourceObject: {fileID: 5202605253209385612, guid: 13ab7833dd87ce24b825d984d6388103,
    type: 3}
  m_PrefabInstance: {fileID: 6606614319485392103}
  m_PrefabAsset: {fileID: 0}
--- !u!95 &782954420847626667 stripped
Animator:
  m_CorrespondingSourceObject: {fileID: 5869021947389435212, guid: 13ab7833dd87ce24b825d984d6388103,
    type: 3}
  m_PrefabInstance: {fileID: 6606614319485392103}
  m_PrefabAsset: {fileID: 0}
--- !u!114 &62017976206853347 stripped
MonoBehaviour:
  m_CorrespondingSourceObject: {fileID: 6589678562562805764, guid: 13ab7833dd87ce24b825d984d6388103,
    type: 3}
  m_PrefabInstance: {fileID: 6606614319485392103}
  m_PrefabAsset: {fileID: 0}
  m_GameObject: {fileID: 1413063007928319595}
  m_Enabled: 1
  m_EditorHideFlags: 0
  m_Script: {fileID: 11500000, guid: 2e9ab40877132bc4883596b812b1f44d, type: 3}
  m_Name: 
  m_EditorClassIdentifier: 
