%YAML 1.1
%TAG !u! tag:unity3d.com,2011:
--- !u!1 &3502835797243597362
GameObject:
  m_ObjectHideFlags: 0
  m_CorrespondingSourceObject: {fileID: 0}
  m_PrefabInstance: {fileID: 0}
  m_PrefabAsset: {fileID: 0}
  serializedVersion: 6
  m_Component:
  - component: {fileID: 892234442873307459}
  - component: {fileID: 5442952518772158651}
  m_Layer: 0
  m_Name: EnemyProjectileAttack
  m_TagString: Untagged
  m_Icon: {fileID: 0}
  m_NavMeshLayer: 0
  m_StaticEditorFlags: 0
  m_IsActive: 1
--- !u!4 &892234442873307459
Transform:
  m_ObjectHideFlags: 0
  m_CorrespondingSourceObject: {fileID: 0}
  m_PrefabInstance: {fileID: 0}
  m_PrefabAsset: {fileID: 0}
  m_GameObject: {fileID: 3502835797243597362}
  m_LocalRotation: {x: 0, y: 0, z: 0, w: 1}
  m_LocalPosition: {x: 0, y: 0, z: 0}
  m_LocalScale: {x: 1, y: 1, z: 1}
  m_Children: []
  m_Father: {fileID: 2714929931201298801}
  m_RootOrder: 0
  m_LocalEulerAnglesHint: {x: 0, y: 0, z: 0}
--- !u!114 &5442952518772158651
MonoBehaviour:
  m_ObjectHideFlags: 0
  m_CorrespondingSourceObject: {fileID: 0}
  m_PrefabInstance: {fileID: 0}
  m_PrefabAsset: {fileID: 0}
  m_GameObject: {fileID: 3502835797243597362}
  m_Enabled: 1
  m_EditorHideFlags: 0
  m_Script: {fileID: 11500000, guid: 54320f6f9af29478c81ac19c3976000d, type: 3}
  m_Name: 
  m_EditorClassIdentifier: 
  projectilePrefab: {fileID: 3988743595171379087, guid: b6e5243b043c649dbbcad79202101e7f,
    type: 3}
  fireInterval: 1.5
  prefireTime: 0.2
  spawnDistance: 2
  projectileSpeed: 15
  damage: 1
  multiFire: 0
  multiFireInterval: 2.5
  multiPreFireTime: 1
  multiProjectileCount: 6
  multiProjectileAngle: 0
  OnPrefire:
    m_PersistentCalls:
      m_Calls: []
  OnFire:
    m_PersistentCalls:
      m_Calls: []
--- !u!1 &5461115243801163338
GameObject:
  m_ObjectHideFlags: 0
  m_CorrespondingSourceObject: {fileID: 0}
  m_PrefabInstance: {fileID: 0}
  m_PrefabAsset: {fileID: 0}
  serializedVersion: 6
  m_Component:
  - component: {fileID: 2714929931201298801}
  - component: {fileID: 6819425884329317709}
  m_Layer: 0
  m_Name: AimPivot
  m_TagString: Untagged
  m_Icon: {fileID: 0}
  m_NavMeshLayer: 0
  m_StaticEditorFlags: 0
  m_IsActive: 1
--- !u!4 &2714929931201298801
Transform:
  m_ObjectHideFlags: 0
  m_CorrespondingSourceObject: {fileID: 0}
  m_PrefabInstance: {fileID: 0}
  m_PrefabAsset: {fileID: 0}
  m_GameObject: {fileID: 5461115243801163338}
  m_LocalRotation: {x: -0, y: -0, z: -0, w: 1}
  m_LocalPosition: {x: 0, y: 0, z: 0}
  m_LocalScale: {x: 1, y: 1, z: 1}
  m_Children:
  - {fileID: 892234442873307459}
  m_Father: {fileID: 997817658426947779}
  m_RootOrder: 2
  m_LocalEulerAnglesHint: {x: 0, y: 0, z: 0}
--- !u!114 &6819425884329317709
MonoBehaviour:
  m_ObjectHideFlags: 0
  m_CorrespondingSourceObject: {fileID: 0}
  m_PrefabInstance: {fileID: 0}
  m_PrefabAsset: {fileID: 0}
  m_GameObject: {fileID: 5461115243801163338}
  m_Enabled: 1
  m_EditorHideFlags: 0
  m_Script: {fileID: 11500000, guid: 087b139966ff89a45ab48e5cae999c75, type: 3}
  m_Name: 
  m_EditorClassIdentifier: 
--- !u!1001 &4679587060474611208
PrefabInstance:
  m_ObjectHideFlags: 0
  serializedVersion: 2
  m_Modification:
    m_TransformParent: {fileID: 0}
    m_Modifications:
    - target: {fileID: 589743046218183606, guid: bc56e1d9c1ab54af2be27440a3ebfeb0,
        type: 3}
      propertyPath: renderers.Array.size
      value: 3
      objectReference: {fileID: 0}
    - target: {fileID: 589743046218183606, guid: bc56e1d9c1ab54af2be27440a3ebfeb0,
        type: 3}
      propertyPath: renderers.Array.data[2]
      value: 
      objectReference: {fileID: 7409547366872420838}
    - target: {fileID: 5560202251135155917, guid: bc56e1d9c1ab54af2be27440a3ebfeb0,
        type: 3}
      propertyPath: m_Name
      value: Enemy_Ranged
      objectReference: {fileID: 0}
    - target: {fileID: 5560202251135155915, guid: bc56e1d9c1ab54af2be27440a3ebfeb0,
        type: 3}
      propertyPath: m_LocalPosition.x
      value: 43.4
      objectReference: {fileID: 0}
    - target: {fileID: 5560202251135155915, guid: bc56e1d9c1ab54af2be27440a3ebfeb0,
        type: 3}
      propertyPath: m_LocalPosition.y
      value: 4.45
      objectReference: {fileID: 0}
    - target: {fileID: 5560202251135155915, guid: bc56e1d9c1ab54af2be27440a3ebfeb0,
        type: 3}
      propertyPath: m_LocalPosition.z
      value: 0
      objectReference: {fileID: 0}
    - target: {fileID: 5560202251135155915, guid: bc56e1d9c1ab54af2be27440a3ebfeb0,
        type: 3}
      propertyPath: m_LocalRotation.x
      value: -0
      objectReference: {fileID: 0}
    - target: {fileID: 5560202251135155915, guid: bc56e1d9c1ab54af2be27440a3ebfeb0,
        type: 3}
      propertyPath: m_LocalRotation.y
      value: -0
      objectReference: {fileID: 0}
    - target: {fileID: 5560202251135155915, guid: bc56e1d9c1ab54af2be27440a3ebfeb0,
        type: 3}
      propertyPath: m_LocalRotation.z
      value: -0
      objectReference: {fileID: 0}
    - target: {fileID: 5560202251135155915, guid: bc56e1d9c1ab54af2be27440a3ebfeb0,
        type: 3}
      propertyPath: m_LocalRotation.w
      value: 1
      objectReference: {fileID: 0}
    - target: {fileID: 5560202251135155915, guid: bc56e1d9c1ab54af2be27440a3ebfeb0,
        type: 3}
      propertyPath: m_RootOrder
      value: 0
      objectReference: {fileID: 0}
    - target: {fileID: 5560202251135155915, guid: bc56e1d9c1ab54af2be27440a3ebfeb0,
        type: 3}
      propertyPath: m_LocalEulerAnglesHint.x
      value: 0
      objectReference: {fileID: 0}
    - target: {fileID: 5560202251135155915, guid: bc56e1d9c1ab54af2be27440a3ebfeb0,
        type: 3}
      propertyPath: m_LocalEulerAnglesHint.y
      value: 0
      objectReference: {fileID: 0}
    - target: {fileID: 5560202251135155915, guid: bc56e1d9c1ab54af2be27440a3ebfeb0,
        type: 3}
      propertyPath: m_LocalEulerAnglesHint.z
      value: 0
      objectReference: {fileID: 0}
    - target: {fileID: 7904375787614774282, guid: bc56e1d9c1ab54af2be27440a3ebfeb0,
        type: 3}
      propertyPath: m_LocalPosition.y
      value: 1.155
      objectReference: {fileID: 0}
    - target: {fileID: 7904375787614774282, guid: bc56e1d9c1ab54af2be27440a3ebfeb0,
        type: 3}
      propertyPath: m_LocalScale.x
      value: 1.2224
      objectReference: {fileID: 0}
    - target: {fileID: 7904375787614774282, guid: bc56e1d9c1ab54af2be27440a3ebfeb0,
        type: 3}
      propertyPath: m_LocalScale.y
      value: 1.2224
      objectReference: {fileID: 0}
    - target: {fileID: 7904375787614774282, guid: bc56e1d9c1ab54af2be27440a3ebfeb0,
        type: 3}
      propertyPath: m_LocalScale.z
      value: 1.2224
      objectReference: {fileID: 0}
    - target: {fileID: 7904375787614774282, guid: bc56e1d9c1ab54af2be27440a3ebfeb0,
        type: 3}
      propertyPath: m_LocalPosition.x
      value: 0.0001926422
      objectReference: {fileID: 0}
    - target: {fileID: 7904375787614774282, guid: bc56e1d9c1ab54af2be27440a3ebfeb0,
        type: 3}
      propertyPath: m_LocalPosition.z
      value: -0.0147284
      objectReference: {fileID: 0}
    - target: {fileID: 674590721208138754, guid: bc56e1d9c1ab54af2be27440a3ebfeb0,
        type: 3}
      propertyPath: m_RootOrder
      value: 5
      objectReference: {fileID: 0}
    - target: {fileID: 1700635698104316591, guid: bc56e1d9c1ab54af2be27440a3ebfeb0,
        type: 3}
      propertyPath: m_RootOrder
      value: 4
      objectReference: {fileID: 0}
    - target: {fileID: 2264869068620699664, guid: bc56e1d9c1ab54af2be27440a3ebfeb0,
        type: 3}
      propertyPath: m_RootOrder
      value: 6
      objectReference: {fileID: 0}
    - target: {fileID: 6755091773972720426, guid: bc56e1d9c1ab54af2be27440a3ebfeb0,
        type: 3}
      propertyPath: events.OnDeath.m_PersistentCalls.m_Calls.Array.data[1].m_Target
      value: 
      objectReference: {fileID: 1471075678523315911}
    - target: {fileID: 6755091773972720426, guid: bc56e1d9c1ab54af2be27440a3ebfeb0,
        type: 3}
      propertyPath: events.OnDeath.m_PersistentCalls.m_Calls.Array.data[1].m_MethodName
      value: PreDisable
      objectReference: {fileID: 0}
    - target: {fileID: 7188020850123252344, guid: bc56e1d9c1ab54af2be27440a3ebfeb0,
        type: 3}
      propertyPath: m_LocalPosition.y
      value: -0.40817064
      objectReference: {fileID: 0}
    - target: {fileID: 7188020850123252344, guid: bc56e1d9c1ab54af2be27440a3ebfeb0,
        type: 3}
      propertyPath: m_LocalPosition.x
      value: -0.29019186
      objectReference: {fileID: 0}
    - target: {fileID: 137914413170552758, guid: bc56e1d9c1ab54af2be27440a3ebfeb0,
        type: 3}
      propertyPath: m_LocalPosition.y
      value: -0.5671706
      objectReference: {fileID: 0}
    - target: {fileID: 137914413170552758, guid: bc56e1d9c1ab54af2be27440a3ebfeb0,
        type: 3}
      propertyPath: m_LocalPosition.x
      value: 0.4948063
      objectReference: {fileID: 0}
    - target: {fileID: 3141325725096833424, guid: bc56e1d9c1ab54af2be27440a3ebfeb0,
        type: 3}
      propertyPath: shootTarget
      value: 1
      objectReference: {fileID: 0}
    - target: {fileID: 3141325725096833424, guid: bc56e1d9c1ab54af2be27440a3ebfeb0,
        type: 3}
      propertyPath: projectileAttackObject
      value: 
      objectReference: {fileID: 3502835797243597362}
    - target: {fileID: -4763382083620097387, guid: bc56e1d9c1ab54af2be27440a3ebfeb0,
        type: 3}
      propertyPath: m_Enabled
      value: 0
      objectReference: {fileID: 0}
    - target: {fileID: 194260892646717707, guid: bc56e1d9c1ab54af2be27440a3ebfeb0,
        type: 3}
      propertyPath: m_Controller
      value: 
      objectReference: {fileID: 9100000, guid: f8cd56629c2109a469ffccd6ac53d742, type: 2}
    - target: {fileID: 810500461969466337, guid: bc56e1d9c1ab54af2be27440a3ebfeb0,
        type: 3}
      propertyPath: OnTriggerEnter.m_PersistentCalls.m_Calls.Array.size
      value: 2
      objectReference: {fileID: 0}
    - target: {fileID: 810500461969466337, guid: bc56e1d9c1ab54af2be27440a3ebfeb0,
        type: 3}
      propertyPath: OnTriggerExit.m_PersistentCalls.m_Calls.Array.size
      value: 2
      objectReference: {fileID: 0}
    - target: {fileID: 810500461969466337, guid: bc56e1d9c1ab54af2be27440a3ebfeb0,
        type: 3}
      propertyPath: OnTriggerEnter.m_PersistentCalls.m_Calls.Array.data[0].m_Target
      value: 
      objectReference: {fileID: 1265514455942530491, guid: e1f9e3c379b5d4810be4e582ed941b5c,
        type: 3}
    - target: {fileID: 810500461969466337, guid: bc56e1d9c1ab54af2be27440a3ebfeb0,
        type: 3}
      propertyPath: OnTriggerEnter.m_PersistentCalls.m_Calls.Array.data[0].m_MethodName
      value: AddEnemyToCombat
      objectReference: {fileID: 0}
    - target: {fileID: 810500461969466337, guid: bc56e1d9c1ab54af2be27440a3ebfeb0,
        type: 3}
      propertyPath: OnTriggerExit.m_PersistentCalls.m_Calls.Array.data[0].m_Target
      value: 
      objectReference: {fileID: 1265514455942530491, guid: e1f9e3c379b5d4810be4e582ed941b5c,
        type: 3}
    - target: {fileID: 810500461969466337, guid: bc56e1d9c1ab54af2be27440a3ebfeb0,
        type: 3}
      propertyPath: OnTriggerExit.m_PersistentCalls.m_Calls.Array.data[0].m_MethodName
      value: RemoveEnemyFromCombat
      objectReference: {fileID: 0}
    - target: {fileID: 810500461969466337, guid: bc56e1d9c1ab54af2be27440a3ebfeb0,
        type: 3}
      propertyPath: OnTriggerEnter.m_PersistentCalls.m_Calls.Array.data[0].m_Mode
      value: 1
      objectReference: {fileID: 0}
    - target: {fileID: 810500461969466337, guid: bc56e1d9c1ab54af2be27440a3ebfeb0,
        type: 3}
      propertyPath: OnTriggerEnter.m_PersistentCalls.m_Calls.Array.data[0].m_CallState
      value: 2
      objectReference: {fileID: 0}
    - target: {fileID: 810500461969466337, guid: bc56e1d9c1ab54af2be27440a3ebfeb0,
        type: 3}
      propertyPath: OnTriggerEnter.m_PersistentCalls.m_Calls.Array.data[0].m_Arguments.m_ObjectArgumentAssemblyTypeName
      value: UnityEngine.Object, UnityEngine
      objectReference: {fileID: 0}
    - target: {fileID: 810500461969466337, guid: bc56e1d9c1ab54af2be27440a3ebfeb0,
        type: 3}
      propertyPath: OnTriggerExit.m_PersistentCalls.m_Calls.Array.data[0].m_Mode
      value: 1
      objectReference: {fileID: 0}
    - target: {fileID: 810500461969466337, guid: bc56e1d9c1ab54af2be27440a3ebfeb0,
        type: 3}
      propertyPath: OnTriggerExit.m_PersistentCalls.m_Calls.Array.data[0].m_CallState
      value: 2
      objectReference: {fileID: 0}
    - target: {fileID: 810500461969466337, guid: bc56e1d9c1ab54af2be27440a3ebfeb0,
        type: 3}
      propertyPath: OnTriggerExit.m_PersistentCalls.m_Calls.Array.data[0].m_Arguments.m_ObjectArgumentAssemblyTypeName
      value: UnityEngine.Object, UnityEngine
      objectReference: {fileID: 0}
    - target: {fileID: 810500461969466337, guid: bc56e1d9c1ab54af2be27440a3ebfeb0,
        type: 3}
      propertyPath: OnTriggerEnter.m_PersistentCalls.m_Calls.Array.data[1].m_Mode
      value: 1
      objectReference: {fileID: 0}
    - target: {fileID: 810500461969466337, guid: bc56e1d9c1ab54af2be27440a3ebfeb0,
        type: 3}
      propertyPath: OnTriggerEnter.m_PersistentCalls.m_Calls.Array.data[1].m_CallState
      value: 2
      objectReference: {fileID: 0}
    - target: {fileID: 810500461969466337, guid: bc56e1d9c1ab54af2be27440a3ebfeb0,
        type: 3}
      propertyPath: OnTriggerExit.m_PersistentCalls.m_Calls.Array.data[1].m_Mode
      value: 1
      objectReference: {fileID: 0}
    - target: {fileID: 810500461969466337, guid: bc56e1d9c1ab54af2be27440a3ebfeb0,
        type: 3}
      propertyPath: OnTriggerExit.m_PersistentCalls.m_Calls.Array.data[1].m_CallState
      value: 2
      objectReference: {fileID: 0}
    - target: {fileID: 810500461969466337, guid: bc56e1d9c1ab54af2be27440a3ebfeb0,
        type: 3}
      propertyPath: OnTriggerEnter.m_PersistentCalls.m_Calls.Array.data[1].m_Target
      value: 
      objectReference: {fileID: 7739718232724731800}
    - target: {fileID: 810500461969466337, guid: bc56e1d9c1ab54af2be27440a3ebfeb0,
        type: 3}
      propertyPath: OnTriggerExit.m_PersistentCalls.m_Calls.Array.data[1].m_Target
      value: 
      objectReference: {fileID: 7739718232724731800}
    - target: {fileID: 810500461969466337, guid: bc56e1d9c1ab54af2be27440a3ebfeb0,
        type: 3}
      propertyPath: OnTriggerEnter.m_PersistentCalls.m_Calls.Array.data[1].m_MethodName
      value: StartAggro
      objectReference: {fileID: 0}
    - target: {fileID: 810500461969466337, guid: bc56e1d9c1ab54af2be27440a3ebfeb0,
        type: 3}
      propertyPath: OnTriggerEnter.m_PersistentCalls.m_Calls.Array.data[1].m_Arguments.m_ObjectArgumentAssemblyTypeName
      value: UnityEngine.Object, UnityEngine
      objectReference: {fileID: 0}
    - target: {fileID: 810500461969466337, guid: bc56e1d9c1ab54af2be27440a3ebfeb0,
        type: 3}
      propertyPath: OnTriggerExit.m_PersistentCalls.m_Calls.Array.data[1].m_MethodName
      value: StopAggro
      objectReference: {fileID: 0}
    - target: {fileID: 810500461969466337, guid: bc56e1d9c1ab54af2be27440a3ebfeb0,
        type: 3}
      propertyPath: OnTriggerExit.m_PersistentCalls.m_Calls.Array.data[1].m_Arguments.m_ObjectArgumentAssemblyTypeName
      value: UnityEngine.Object, UnityEngine
      objectReference: {fileID: 0}
    - target: {fileID: 1899573203530456686, guid: bc56e1d9c1ab54af2be27440a3ebfeb0,
        type: 3}
      propertyPath: m_IsActive
      value: 1
      objectReference: {fileID: 0}
    - target: {fileID: 4412271899914130061, guid: bc56e1d9c1ab54af2be27440a3ebfeb0,
        type: 3}
      propertyPath: m_Radius
      value: 14
      objectReference: {fileID: 0}
    - target: {fileID: 9038960725368128879, guid: bc56e1d9c1ab54af2be27440a3ebfeb0,
        type: 3}
      propertyPath: m_Sprite
      value: 
      objectReference: {fileID: 21300000, guid: 298b89a96f7b9e34aa0cee4543b5c20f,
        type: 3}
    - target: {fileID: 2748668782460671982, guid: bc56e1d9c1ab54af2be27440a3ebfeb0,
        type: 3}
      propertyPath: m_SortingLayerID
      value: 238904293
      objectReference: {fileID: 0}
    - target: {fileID: 2748668782460671982, guid: bc56e1d9c1ab54af2be27440a3ebfeb0,
        type: 3}
      propertyPath: m_SortingLayer
      value: -2
      objectReference: {fileID: 0}
    - target: {fileID: 2748668782460671982, guid: bc56e1d9c1ab54af2be27440a3ebfeb0,
        type: 3}
      propertyPath: m_SortingOrder
      value: 1
      objectReference: {fileID: 0}
    - target: {fileID: 2748668782460671982, guid: bc56e1d9c1ab54af2be27440a3ebfeb0,
        type: 3}
      propertyPath: m_Materials.Array.data[0]
      value: 
      objectReference: {fileID: 2100000, guid: a97c105638bdf8b4a8650670310a4cd3, type: 2}
    - target: {fileID: 3773098616996273475, guid: bc56e1d9c1ab54af2be27440a3ebfeb0,
        type: 3}
      propertyPath: m_Sprite
      value: 
      objectReference: {fileID: 21300000, guid: 3ba0449328821f046a4222d243665e4d,
        type: 3}
    - target: {fileID: 3773098616996273475, guid: bc56e1d9c1ab54af2be27440a3ebfeb0,
        type: 3}
      propertyPath: m_SortingOrder
      value: -1
      objectReference: {fileID: 0}
    - target: {fileID: 3953237139189730414, guid: bc56e1d9c1ab54af2be27440a3ebfeb0,
        type: 3}
      propertyPath: m_Enabled
      value: 1
      objectReference: {fileID: 0}
    - target: {fileID: 3953237139189730414, guid: bc56e1d9c1ab54af2be27440a3ebfeb0,
        type: 3}
      propertyPath: currentMode
      value: 1
      objectReference: {fileID: 0}
    - target: {fileID: 7188020851235951645, guid: bc56e1d9c1ab54af2be27440a3ebfeb0,
        type: 3}
      propertyPath: m_Sprite
      value: 
      objectReference: {fileID: 21300000, guid: 298b89a96f7b9e34aa0cee4543b5c20f,
        type: 3}
    - target: {fileID: 7188020850123252347, guid: bc56e1d9c1ab54af2be27440a3ebfeb0,
        type: 3}
      propertyPath: m_SortingOrder
      value: -1
      objectReference: {fileID: 0}
    - target: {fileID: 7188020850123252347, guid: bc56e1d9c1ab54af2be27440a3ebfeb0,
        type: 3}
      propertyPath: m_Sprite
      value: 
      objectReference: {fileID: 21300000, guid: 3ba0449328821f046a4222d243665e4d,
        type: 3}
    - target: {fileID: 99010441009453126, guid: bc56e1d9c1ab54af2be27440a3ebfeb0,
        type: 3}
      propertyPath: Response.m_PersistentCalls.m_Calls.Array.size
      value: 1
      objectReference: {fileID: 0}
    - target: {fileID: 99010441009453126, guid: bc56e1d9c1ab54af2be27440a3ebfeb0,
        type: 3}
      propertyPath: Response.m_PersistentCalls.m_Calls.Array.data[0].m_Mode
      value: 1
      objectReference: {fileID: 0}
    - target: {fileID: 99010441009453126, guid: bc56e1d9c1ab54af2be27440a3ebfeb0,
        type: 3}
      propertyPath: Response.m_PersistentCalls.m_Calls.Array.data[0].m_CallState
      value: 2
      objectReference: {fileID: 0}
    - target: {fileID: 99010441009453126, guid: bc56e1d9c1ab54af2be27440a3ebfeb0,
        type: 3}
      propertyPath: Response.m_PersistentCalls.m_Calls.Array.data[0].m_Target
      value: 
      objectReference: {fileID: 5442952518772158651}
    - target: {fileID: 99010441009453126, guid: bc56e1d9c1ab54af2be27440a3ebfeb0,
        type: 3}
      propertyPath: Response.m_PersistentCalls.m_Calls.Array.data[0].m_MethodName
      value: SetShootWhileEnabledHigh
      objectReference: {fileID: 0}
    - target: {fileID: 99010441009453126, guid: bc56e1d9c1ab54af2be27440a3ebfeb0,
        type: 3}
      propertyPath: Response.m_PersistentCalls.m_Calls.Array.data[0].m_Arguments.m_ObjectArgumentAssemblyTypeName
      value: UnityEngine.Object, UnityEngine
      objectReference: {fileID: 0}
    - target: {fileID: 2542331415997416517, guid: bc56e1d9c1ab54af2be27440a3ebfeb0,
        type: 3}
      propertyPath: Response.m_PersistentCalls.m_Calls.Array.size
      value: 1
      objectReference: {fileID: 0}
    - target: {fileID: 2542331415997416517, guid: bc56e1d9c1ab54af2be27440a3ebfeb0,
        type: 3}
      propertyPath: Response.m_PersistentCalls.m_Calls.Array.data[0].m_Mode
      value: 1
      objectReference: {fileID: 0}
    - target: {fileID: 2542331415997416517, guid: bc56e1d9c1ab54af2be27440a3ebfeb0,
        type: 3}
      propertyPath: Response.m_PersistentCalls.m_Calls.Array.data[0].m_CallState
      value: 2
      objectReference: {fileID: 0}
    - target: {fileID: 2542331415997416517, guid: bc56e1d9c1ab54af2be27440a3ebfeb0,
        type: 3}
      propertyPath: Response.m_PersistentCalls.m_Calls.Array.data[0].m_Target
      value: 
      objectReference: {fileID: 5442952518772158651}
    - target: {fileID: 2542331415997416517, guid: bc56e1d9c1ab54af2be27440a3ebfeb0,
        type: 3}
      propertyPath: Response.m_PersistentCalls.m_Calls.Array.data[0].m_MethodName
      value: SetShootWhileEnabledLow
      objectReference: {fileID: 0}
    - target: {fileID: 2542331415997416517, guid: bc56e1d9c1ab54af2be27440a3ebfeb0,
        type: 3}
      propertyPath: Response.m_PersistentCalls.m_Calls.Array.data[0].m_Arguments.m_ObjectArgumentAssemblyTypeName
      value: UnityEngine.Object, UnityEngine
      objectReference: {fileID: 0}
    m_RemovedComponents:
    - {fileID: 7052128023125645395, guid: bc56e1d9c1ab54af2be27440a3ebfeb0, type: 3}
    - {fileID: 5108890542482207737, guid: bc56e1d9c1ab54af2be27440a3ebfeb0, type: 3}
  m_SourcePrefab: {fileID: 100100000, guid: bc56e1d9c1ab54af2be27440a3ebfeb0, type: 3}
--- !u!4 &997817658426947779 stripped
Transform:
  m_CorrespondingSourceObject: {fileID: 5560202251135155915, guid: bc56e1d9c1ab54af2be27440a3ebfeb0,
    type: 3}
  m_PrefabInstance: {fileID: 4679587060474611208}
  m_PrefabAsset: {fileID: 0}
--- !u!114 &1471075678523315911 stripped
MonoBehaviour:
  m_CorrespondingSourceObject: {fileID: 6096594245572088015, guid: bc56e1d9c1ab54af2be27440a3ebfeb0,
    type: 3}
  m_PrefabInstance: {fileID: 4679587060474611208}
  m_PrefabAsset: {fileID: 0}
  m_GameObject: {fileID: 0}
  m_Enabled: 1
  m_EditorHideFlags: 0
  m_Script: {fileID: 11500000, guid: c91ff57d6393a4166835530e35247216, type: 3}
  m_Name: 
  m_EditorClassIdentifier: 
--- !u!114 &7739718232724731800 stripped
MonoBehaviour:
  m_CorrespondingSourceObject: {fileID: 3141325725096833424, guid: bc56e1d9c1ab54af2be27440a3ebfeb0,
    type: 3}
  m_PrefabInstance: {fileID: 4679587060474611208}
  m_PrefabAsset: {fileID: 0}
  m_GameObject: {fileID: 0}
  m_Enabled: 1
  m_EditorHideFlags: 0
  m_Script: {fileID: 11500000, guid: b0297288617464507b33a17b05370efd, type: 3}
  m_Name: 
  m_EditorClassIdentifier: 
--- !u!212 &7409547366872420838 stripped
SpriteRenderer:
  m_CorrespondingSourceObject: {fileID: 2748668782460671982, guid: bc56e1d9c1ab54af2be27440a3ebfeb0,
    type: 3}
  m_PrefabInstance: {fileID: 4679587060474611208}
  m_PrefabAsset: {fileID: 0}
