%YAML 1.1
%TAG !u! tag:unity3d.com,2011:
--- !u!1 &5446874781022606849
GameObject:
  m_ObjectHideFlags: 0
  m_CorrespondingSourceObject: {fileID: 0}
  m_PrefabInstance: {fileID: 0}
  m_PrefabAsset: {fileID: 0}
  serializedVersion: 6
  m_Component:
  - component: {fileID: 5446874781022606848}
  - component: {fileID: 2117119540854611652}
  - component: {fileID: 3538410909009719002}
  - component: {fileID: 6800234903884894647}
  - component: {fileID: 8418729948763636964}
  - component: {fileID: 6409187269782754852}
  m_Layer: 0
  m_Name: PlayerView
  m_TagString: Player
  m_Icon: {fileID: 0}
  m_NavMeshLayer: 0
  m_StaticEditorFlags: 0
  m_IsActive: 1
--- !u!4 &5446874781022606848
Transform:
  m_ObjectHideFlags: 0
  m_CorrespondingSourceObject: {fileID: 0}
  m_PrefabInstance: {fileID: 0}
  m_PrefabAsset: {fileID: 0}
  m_GameObject: {fileID: 5446874781022606849}
  m_LocalRotation: {x: 0, y: 0, z: 0, w: 1}
  m_LocalPosition: {x: 0, y: 0, z: 0}
  m_LocalScale: {x: 1, y: 1, z: 1}
  m_Children:
  - {fileID: 397584827935080062}
  - {fileID: 982095618053310760}
  - {fileID: 8727532643112682970}
  - {fileID: 9101282324538409167}
  - {fileID: 892076712240793363}
  m_Father: {fileID: 0}
  m_RootOrder: 0
  m_LocalEulerAnglesHint: {x: 0, y: 0, z: 0}
--- !u!95 &2117119540854611652
Animator:
  serializedVersion: 3
  m_ObjectHideFlags: 0
  m_CorrespondingSourceObject: {fileID: 0}
  m_PrefabInstance: {fileID: 0}
  m_PrefabAsset: {fileID: 0}
  m_GameObject: {fileID: 5446874781022606849}
  m_Enabled: 1
  m_Avatar: {fileID: 0}
  m_Controller: {fileID: 9100000, guid: 35dbbf12037d22a4ab313ca796d912e9, type: 2}
  m_CullingMode: 0
  m_UpdateMode: 0
  m_ApplyRootMotion: 0
  m_LinearVelocityBlending: 0
  m_WarningMessage: 
  m_HasTransformHierarchy: 1
  m_AllowConstantClipSamplingOptimization: 1
  m_KeepAnimatorControllerStateOnDisable: 0
--- !u!114 &3538410909009719002
MonoBehaviour:
  m_ObjectHideFlags: 0
  m_CorrespondingSourceObject: {fileID: 0}
  m_PrefabInstance: {fileID: 0}
  m_PrefabAsset: {fileID: 0}
  m_GameObject: {fileID: 5446874781022606849}
  m_Enabled: 1
  m_EditorHideFlags: 0
  m_Script: {fileID: 11500000, guid: da48e104e54ac1946b363533b8e73979, type: 3}
  m_Name: 
  m_EditorClassIdentifier: 
  moveSensitivity: 0
--- !u!114 &6800234903884894647
MonoBehaviour:
  m_ObjectHideFlags: 0
  m_CorrespondingSourceObject: {fileID: 0}
  m_PrefabInstance: {fileID: 0}
  m_PrefabAsset: {fileID: 0}
  m_GameObject: {fileID: 5446874781022606849}
  m_Enabled: 1
  m_EditorHideFlags: 0
  m_Script: {fileID: 11500000, guid: 2e9ab40877132bc4883596b812b1f44d, type: 3}
  m_Name: 
  m_EditorClassIdentifier: 
  effectColor: {r: 1, g: 0, b: 0, a: 1}
  duration: 0
  intensityCurve:
    serializedVersion: 2
    m_Curve:
    - serializedVersion: 3
      time: 0.005004883
      value: 0.0037231445
      inSlope: 6.871106
      outSlope: 6.871106
      tangentMode: 34
      weightedMode: 0
      inWeight: 0
      outWeight: 0.33333334
    - serializedVersion: 3
      time: 0.15
      value: 1
      inSlope: 0
      outSlope: 0
      tangentMode: 136
      weightedMode: 0
      inWeight: 0.33333334
      outWeight: 0.33333334
    - serializedVersion: 3
      time: 0.25
      value: 0
      inSlope: 0
      outSlope: 0
      tangentMode: 0
      weightedMode: 0
      inWeight: 0.33333334
      outWeight: 0.33333334
    - serializedVersion: 3
      time: 0.5
      value: 1
      inSlope: 0
      outSlope: 0
      tangentMode: 0
      weightedMode: 0
      inWeight: 0.33333334
      outWeight: 0.33333334
    - serializedVersion: 3
      time: 0.75
      value: 0
      inSlope: 0.0473929
      outSlope: 0.0473929
      tangentMode: 0
      weightedMode: 0
      inWeight: 1
      outWeight: 0.33333334
    - serializedVersion: 3
      time: 0.85
      value: 1.0028992
      inSlope: 1.6690788
      outSlope: 1.6690788
      tangentMode: 34
      weightedMode: 0
      inWeight: 0.33333334
      outWeight: 0.33333334
    - serializedVersion: 3
      time: 0.99972314
      value: 0.0011271614
      inSlope: -6.690831
      outSlope: -6.690831
      tangentMode: 34
      weightedMode: 0
      inWeight: 0.33333334
      outWeight: 0
    m_PreInfinity: 2
    m_PostInfinity: 2
    m_RotationOrder: 4
--- !u!114 &8418729948763636964
MonoBehaviour:
  m_ObjectHideFlags: 0
  m_CorrespondingSourceObject: {fileID: 0}
  m_PrefabInstance: {fileID: 0}
  m_PrefabAsset: {fileID: 0}
  m_GameObject: {fileID: 5446874781022606849}
  m_Enabled: 1
  m_EditorHideFlags: 0
  m_Script: {fileID: 11500000, guid: fc8ab389b9f25ff43adf47065dfb9695, type: 3}
  m_Name: 
  m_EditorClassIdentifier: 
  myEvents:
  - m_PersistentCalls:
      m_Calls:
      - m_Target: {fileID: 0}
        m_MethodName: 
        m_Mode: 1
        m_Arguments:
          m_ObjectArgument: {fileID: 0}
          m_ObjectArgumentAssemblyTypeName: 
          m_IntArgument: 0
          m_FloatArgument: 0
          m_StringArgument: 
          m_BoolArgument: 0
        m_CallState: 2
  - m_PersistentCalls:
      m_Calls:
      - m_Target: {fileID: 0}
        m_MethodName: 
        m_Mode: 1
        m_Arguments:
          m_ObjectArgument: {fileID: 0}
          m_ObjectArgumentAssemblyTypeName: 
          m_IntArgument: 0
          m_FloatArgument: 0
          m_StringArgument: 
          m_BoolArgument: 0
        m_CallState: 2
--- !u!114 &6409187269782754852
MonoBehaviour:
  m_ObjectHideFlags: 0
  m_CorrespondingSourceObject: {fileID: 0}
  m_PrefabInstance: {fileID: 0}
  m_PrefabAsset: {fileID: 0}
  m_GameObject: {fileID: 5446874781022606849}
  m_Enabled: 1
  m_EditorHideFlags: 0
  m_Script: {fileID: 11500000, guid: c11ab3990b7717a489fbe932dfe21626, type: 3}
  m_Name: 
  m_EditorClassIdentifier: 
  renderers:
  - {fileID: 2599886222755290713}
  - {fileID: 7681769145193735744}
  - {fileID: 1520056387200819128}
  - {fileID: 7456400374294843132}
  - {fileID: 1683529903887500826}
  - {fileID: 1308608452817209529}
  - {fileID: 2392852862663167274}
  - {fileID: 4033619113533674112}
  - {fileID: 6916391525007327745}
  - {fileID: 4312948438770454716}
  - {fileID: 8361660956540944876}
  - {fileID: 5250630157304237629}
  - {fileID: 131161653070315498}
  - {fileID: 6785718888806135810}
  - {fileID: 5738818210073783676}
  - {fileID: 7831625755427488205}
  - {fileID: 189868832758069042}
  - {fileID: 7630966678806821494}
  - {fileID: 7784159225828286733}
  - {fileID: 1302833465924284597}
  - {fileID: 5074836552532326190}
  - {fileID: 8300141370821329344}
  - {fileID: 6356705133570594906}
  - {fileID: 6329551133689870870}
  - {fileID: 7539292448362260516}
  - {fileID: 2987652945369038930}
  - {fileID: 4284152684714197999}
  - {fileID: 6037907275689222136}
  - {fileID: 1173340167384318326}
  - {fileID: 2063009148970740284}
  - {fileID: 498200359119614399}
  - {fileID: 5514603895729637047}
  - {fileID: 1408666193502464475}
  - {fileID: 8063909169507462377}
  - {fileID: 8168046996714862963}
  - {fileID: 959075294014927374}
  - {fileID: 6226698031187012192}
  - {fileID: 7719118121348398507}
  - {fileID: 5185815686856091982}
  - {fileID: 7825031798961001797}
  - {fileID: 373990880181167458}
--- !u!1001 &2251884894380052190
PrefabInstance:
  m_ObjectHideFlags: 0
  serializedVersion: 2
  m_Modification:
    m_TransformParent: {fileID: 5446874781022606848}
    m_Modifications:
    - target: {fileID: -7862907114587535370, guid: b5159eeb8f7a7af4a880e932a7a48911,
        type: 3}
      propertyPath: m_LocalPosition.x
      value: -0.029309
      objectReference: {fileID: 0}
    - target: {fileID: -7862907114587535370, guid: b5159eeb8f7a7af4a880e932a7a48911,
        type: 3}
      propertyPath: m_LocalPosition.y
      value: 0.84537
      objectReference: {fileID: 0}
    - target: {fileID: -7862907114587535370, guid: b5159eeb8f7a7af4a880e932a7a48911,
        type: 3}
      propertyPath: m_LocalPosition.z
      value: 0
      objectReference: {fileID: 0}
    - target: {fileID: -7862907114587535370, guid: b5159eeb8f7a7af4a880e932a7a48911,
        type: 3}
      propertyPath: m_LocalRotation.x
      value: -0
      objectReference: {fileID: 0}
    - target: {fileID: -7862907114587535370, guid: b5159eeb8f7a7af4a880e932a7a48911,
        type: 3}
      propertyPath: m_LocalRotation.y
      value: -0
      objectReference: {fileID: 0}
    - target: {fileID: -7862907114587535370, guid: b5159eeb8f7a7af4a880e932a7a48911,
        type: 3}
      propertyPath: m_LocalRotation.z
      value: 0.32160795
      objectReference: {fileID: 0}
    - target: {fileID: -7862907114587535370, guid: b5159eeb8f7a7af4a880e932a7a48911,
        type: 3}
      propertyPath: m_LocalRotation.w
      value: 0.946873
      objectReference: {fileID: 0}
    - target: {fileID: -7862907114587535370, guid: b5159eeb8f7a7af4a880e932a7a48911,
        type: 3}
      propertyPath: m_RootOrder
      value: 1
      objectReference: {fileID: 0}
    - target: {fileID: -7862907114587535370, guid: b5159eeb8f7a7af4a880e932a7a48911,
        type: 3}
      propertyPath: m_LocalEulerAnglesHint.x
      value: 0
      objectReference: {fileID: 0}
    - target: {fileID: -7862907114587535370, guid: b5159eeb8f7a7af4a880e932a7a48911,
        type: 3}
      propertyPath: m_LocalEulerAnglesHint.y
      value: 0
      objectReference: {fileID: 0}
    - target: {fileID: -7862907114587535370, guid: b5159eeb8f7a7af4a880e932a7a48911,
        type: 3}
      propertyPath: m_LocalEulerAnglesHint.z
      value: 37.52
      objectReference: {fileID: 0}
    - target: {fileID: -7862907114587535370, guid: b5159eeb8f7a7af4a880e932a7a48911,
        type: 3}
      propertyPath: m_LocalScale.x
      value: 0.060816977
      objectReference: {fileID: 0}
    - target: {fileID: -7862907114587535370, guid: b5159eeb8f7a7af4a880e932a7a48911,
        type: 3}
      propertyPath: m_LocalScale.y
      value: 0.060816977
      objectReference: {fileID: 0}
    - target: {fileID: -7862907114587535370, guid: b5159eeb8f7a7af4a880e932a7a48911,
        type: 3}
      propertyPath: m_LocalScale.z
      value: 0.060816977
      objectReference: {fileID: 0}
    - target: {fileID: -8377254588830301101, guid: b5159eeb8f7a7af4a880e932a7a48911,
        type: 3}
      propertyPath: m_Name
      value: staff
      objectReference: {fileID: 0}
    - target: {fileID: -8377254588830301101, guid: b5159eeb8f7a7af4a880e932a7a48911,
        type: 3}
      propertyPath: m_IsActive
      value: 0
      objectReference: {fileID: 0}
    - target: {fileID: 525619919933465595, guid: b5159eeb8f7a7af4a880e932a7a48911,
        type: 3}
      propertyPath: m_Materials.Array.data[0]
      value: 
      objectReference: {fileID: 2100000, guid: a97c105638bdf8b4a8650670310a4cd3, type: 2}
    - target: {fileID: 525619919933465595, guid: b5159eeb8f7a7af4a880e932a7a48911,
        type: 3}
      propertyPath: m_SortingOrder
      value: 2
      objectReference: {fileID: 0}
    - target: {fileID: 525619919933465595, guid: b5159eeb8f7a7af4a880e932a7a48911,
        type: 3}
      propertyPath: m_SortingLayerID
      value: 238904293
      objectReference: {fileID: 0}
    - target: {fileID: 525619919933465595, guid: b5159eeb8f7a7af4a880e932a7a48911,
        type: 3}
      propertyPath: m_SortingLayer
      value: -2
      objectReference: {fileID: 0}
    - target: {fileID: -8766627633071921876, guid: b5159eeb8f7a7af4a880e932a7a48911,
        type: 3}
      propertyPath: m_Materials.Array.data[0]
      value: 
      objectReference: {fileID: 2100000, guid: a97c105638bdf8b4a8650670310a4cd3, type: 2}
    - target: {fileID: -8766627633071921876, guid: b5159eeb8f7a7af4a880e932a7a48911,
        type: 3}
      propertyPath: m_SortingOrder
      value: 3
      objectReference: {fileID: 0}
    - target: {fileID: -8766627633071921876, guid: b5159eeb8f7a7af4a880e932a7a48911,
        type: 3}
      propertyPath: m_SortingLayerID
      value: 238904293
      objectReference: {fileID: 0}
    - target: {fileID: -8766627633071921876, guid: b5159eeb8f7a7af4a880e932a7a48911,
        type: 3}
      propertyPath: m_SortingLayer
      value: -2
      objectReference: {fileID: 0}
    - target: {fileID: -6095640852254506480, guid: b5159eeb8f7a7af4a880e932a7a48911,
        type: 3}
      propertyPath: m_Materials.Array.data[0]
      value: 
      objectReference: {fileID: 2100000, guid: a97c105638bdf8b4a8650670310a4cd3, type: 2}
    - target: {fileID: -6095640852254506480, guid: b5159eeb8f7a7af4a880e932a7a48911,
        type: 3}
      propertyPath: m_SortingLayerID
      value: 238904293
      objectReference: {fileID: 0}
    - target: {fileID: -6095640852254506480, guid: b5159eeb8f7a7af4a880e932a7a48911,
        type: 3}
      propertyPath: m_SortingLayer
      value: -2
      objectReference: {fileID: 0}
    m_RemovedComponents: []
  m_SourcePrefab: {fileID: 4954149884122971763, guid: b5159eeb8f7a7af4a880e932a7a48911,
    type: 3}
--- !u!4 &982095618053310760 stripped
Transform:
  m_CorrespondingSourceObject: {fileID: -7862907114587535370, guid: b5159eeb8f7a7af4a880e932a7a48911,
    type: 3}
  m_PrefabInstance: {fileID: 2251884894380052190}
  m_PrefabAsset: {fileID: 0}
--- !u!1001 &3917555010746787872
PrefabInstance:
  m_ObjectHideFlags: 0
  serializedVersion: 2
  m_Modification:
    m_TransformParent: {fileID: 5446874781022606848}
    m_Modifications:
    - target: {fileID: 5193692204890745071, guid: ca4ba86b990bee04f89764b7ed02c69b,
        type: 3}
      propertyPath: m_LocalPosition.x
      value: 0
      objectReference: {fileID: 0}
    - target: {fileID: 5193692204890745071, guid: ca4ba86b990bee04f89764b7ed02c69b,
        type: 3}
      propertyPath: m_LocalPosition.y
      value: 0
      objectReference: {fileID: 0}
    - target: {fileID: 5193692204890745071, guid: ca4ba86b990bee04f89764b7ed02c69b,
        type: 3}
      propertyPath: m_LocalPosition.z
      value: 0
      objectReference: {fileID: 0}
    - target: {fileID: 5193692204890745071, guid: ca4ba86b990bee04f89764b7ed02c69b,
        type: 3}
      propertyPath: m_LocalRotation.x
      value: 0
      objectReference: {fileID: 0}
    - target: {fileID: 5193692204890745071, guid: ca4ba86b990bee04f89764b7ed02c69b,
        type: 3}
      propertyPath: m_LocalRotation.y
      value: 0
      objectReference: {fileID: 0}
    - target: {fileID: 5193692204890745071, guid: ca4ba86b990bee04f89764b7ed02c69b,
        type: 3}
      propertyPath: m_LocalRotation.z
      value: 0
      objectReference: {fileID: 0}
    - target: {fileID: 5193692204890745071, guid: ca4ba86b990bee04f89764b7ed02c69b,
        type: 3}
      propertyPath: m_LocalRotation.w
      value: 1
      objectReference: {fileID: 0}
    - target: {fileID: 5193692204890745071, guid: ca4ba86b990bee04f89764b7ed02c69b,
        type: 3}
      propertyPath: m_RootOrder
      value: 3
      objectReference: {fileID: 0}
    - target: {fileID: 5193692204890745071, guid: ca4ba86b990bee04f89764b7ed02c69b,
        type: 3}
      propertyPath: m_LocalEulerAnglesHint.x
      value: 0
      objectReference: {fileID: 0}
    - target: {fileID: 5193692204890745071, guid: ca4ba86b990bee04f89764b7ed02c69b,
        type: 3}
      propertyPath: m_LocalEulerAnglesHint.y
      value: 0
      objectReference: {fileID: 0}
    - target: {fileID: 5193692204890745071, guid: ca4ba86b990bee04f89764b7ed02c69b,
        type: 3}
      propertyPath: m_LocalEulerAnglesHint.z
      value: 0
      objectReference: {fileID: 0}
    - target: {fileID: 5193692204890745071, guid: ca4ba86b990bee04f89764b7ed02c69b,
        type: 3}
      propertyPath: m_LocalScale.x
      value: 0.06309323
      objectReference: {fileID: 0}
    - target: {fileID: 5193692204890745071, guid: ca4ba86b990bee04f89764b7ed02c69b,
        type: 3}
      propertyPath: m_LocalScale.y
      value: 0.06309323
      objectReference: {fileID: 0}
    - target: {fileID: 5193692204890745071, guid: ca4ba86b990bee04f89764b7ed02c69b,
        type: 3}
      propertyPath: m_LocalScale.z
      value: 0.06309323
      objectReference: {fileID: 0}
    - target: {fileID: -9121257156049135019, guid: ca4ba86b990bee04f89764b7ed02c69b,
        type: 3}
      propertyPath: m_LocalRotation.z
      value: -0.7054521
      objectReference: {fileID: 0}
    - target: {fileID: -9121257156049135019, guid: ca4ba86b990bee04f89764b7ed02c69b,
        type: 3}
      propertyPath: m_LocalRotation.w
      value: 0.7087577
      objectReference: {fileID: 0}
    - target: {fileID: -9121257156049135019, guid: ca4ba86b990bee04f89764b7ed02c69b,
        type: 3}
      propertyPath: m_LocalEulerAnglesHint.z
      value: 0
      objectReference: {fileID: 0}
    - target: {fileID: 4655720542679704473, guid: ca4ba86b990bee04f89764b7ed02c69b,
        type: 3}
      propertyPath: m_Name
      value: DownSprite
      objectReference: {fileID: 0}
    - target: {fileID: 4655720542679704473, guid: ca4ba86b990bee04f89764b7ed02c69b,
        type: 3}
      propertyPath: m_IsActive
      value: 1
      objectReference: {fileID: 0}
    - target: {fileID: 1490874069560586494, guid: ca4ba86b990bee04f89764b7ed02c69b,
        type: 3}
      propertyPath: m_LocalPosition.y
      value: 0.029919907
      objectReference: {fileID: 0}
    - target: {fileID: 1490874069560586494, guid: ca4ba86b990bee04f89764b7ed02c69b,
        type: 3}
      propertyPath: m_LocalRotation.z
      value: 1
      objectReference: {fileID: 0}
    - target: {fileID: 1490874069560586494, guid: ca4ba86b990bee04f89764b7ed02c69b,
        type: 3}
      propertyPath: m_LocalRotation.w
      value: 0
      objectReference: {fileID: 0}
    - target: {fileID: 1490874069560586494, guid: ca4ba86b990bee04f89764b7ed02c69b,
        type: 3}
      propertyPath: m_LocalEulerAnglesHint.z
      value: 180
      objectReference: {fileID: 0}
    - target: {fileID: 4002584419452164042, guid: ca4ba86b990bee04f89764b7ed02c69b,
        type: 3}
      propertyPath: m_SortingLayerID
      value: 238904293
      objectReference: {fileID: 0}
    - target: {fileID: 4002584419452164042, guid: ca4ba86b990bee04f89764b7ed02c69b,
        type: 3}
      propertyPath: m_SortingLayer
      value: -2
      objectReference: {fileID: 0}
    - target: {fileID: 4002584419452164042, guid: ca4ba86b990bee04f89764b7ed02c69b,
        type: 3}
      propertyPath: m_Materials.Array.data[0]
      value: 
      objectReference: {fileID: 2100000, guid: 286432cdc97bbfd4d9f89c5d1d7156bf, type: 2}
    - target: {fileID: 3818910871320223506, guid: ca4ba86b990bee04f89764b7ed02c69b,
        type: 3}
      propertyPath: m_SortingLayerID
      value: 238904293
      objectReference: {fileID: 0}
    - target: {fileID: 3818910871320223506, guid: ca4ba86b990bee04f89764b7ed02c69b,
        type: 3}
      propertyPath: m_SortingLayer
      value: -2
      objectReference: {fileID: 0}
    - target: {fileID: 3818910871320223506, guid: ca4ba86b990bee04f89764b7ed02c69b,
        type: 3}
      propertyPath: m_Materials.Array.data[0]
      value: 
      objectReference: {fileID: 2100000, guid: 286432cdc97bbfd4d9f89c5d1d7156bf, type: 2}
    - target: {fileID: 3509435580131236255, guid: ca4ba86b990bee04f89764b7ed02c69b,
        type: 3}
      propertyPath: m_SortingLayerID
      value: 238904293
      objectReference: {fileID: 0}
    - target: {fileID: 3509435580131236255, guid: ca4ba86b990bee04f89764b7ed02c69b,
        type: 3}
      propertyPath: m_SortingLayer
      value: -2
      objectReference: {fileID: 0}
    - target: {fileID: 3509435580131236255, guid: ca4ba86b990bee04f89764b7ed02c69b,
        type: 3}
      propertyPath: m_Materials.Array.data[0]
      value: 
      objectReference: {fileID: 2100000, guid: 286432cdc97bbfd4d9f89c5d1d7156bf, type: 2}
    - target: {fileID: 2744232781432154454, guid: ca4ba86b990bee04f89764b7ed02c69b,
        type: 3}
      propertyPath: m_SortingLayerID
      value: 238904293
      objectReference: {fileID: 0}
    - target: {fileID: 2744232781432154454, guid: ca4ba86b990bee04f89764b7ed02c69b,
        type: 3}
      propertyPath: m_SortingLayer
      value: -2
      objectReference: {fileID: 0}
    - target: {fileID: 2744232781432154454, guid: ca4ba86b990bee04f89764b7ed02c69b,
        type: 3}
      propertyPath: m_Materials.Array.data[0]
      value: 
      objectReference: {fileID: 2100000, guid: 286432cdc97bbfd4d9f89c5d1d7156bf, type: 2}
    - target: {fileID: -6608632622808213355, guid: ca4ba86b990bee04f89764b7ed02c69b,
        type: 3}
      propertyPath: m_SortingLayerID
      value: 238904293
      objectReference: {fileID: 0}
    - target: {fileID: -6608632622808213355, guid: ca4ba86b990bee04f89764b7ed02c69b,
        type: 3}
      propertyPath: m_SortingLayer
      value: -2
      objectReference: {fileID: 0}
    - target: {fileID: -6608632622808213355, guid: ca4ba86b990bee04f89764b7ed02c69b,
        type: 3}
      propertyPath: m_Materials.Array.data[0]
      value: 
      objectReference: {fileID: 2100000, guid: 286432cdc97bbfd4d9f89c5d1d7156bf, type: 2}
    - target: {fileID: -6125823057055120868, guid: ca4ba86b990bee04f89764b7ed02c69b,
        type: 3}
      propertyPath: m_SortingLayerID
      value: 238904293
      objectReference: {fileID: 0}
    - target: {fileID: -6125823057055120868, guid: ca4ba86b990bee04f89764b7ed02c69b,
        type: 3}
      propertyPath: m_SortingLayer
      value: -2
      objectReference: {fileID: 0}
    - target: {fileID: -6125823057055120868, guid: ca4ba86b990bee04f89764b7ed02c69b,
        type: 3}
      propertyPath: m_Materials.Array.data[0]
      value: 
      objectReference: {fileID: 2100000, guid: 286432cdc97bbfd4d9f89c5d1d7156bf, type: 2}
    - target: {fileID: -6977284181860407182, guid: ca4ba86b990bee04f89764b7ed02c69b,
        type: 3}
      propertyPath: m_SortingLayerID
      value: 238904293
      objectReference: {fileID: 0}
    - target: {fileID: -6977284181860407182, guid: ca4ba86b990bee04f89764b7ed02c69b,
        type: 3}
      propertyPath: m_SortingLayer
      value: -2
      objectReference: {fileID: 0}
    - target: {fileID: -6977284181860407182, guid: ca4ba86b990bee04f89764b7ed02c69b,
        type: 3}
      propertyPath: m_Materials.Array.data[0]
      value: 
      objectReference: {fileID: 2100000, guid: 286432cdc97bbfd4d9f89c5d1d7156bf, type: 2}
    - target: {fileID: 948480157837962191, guid: ca4ba86b990bee04f89764b7ed02c69b,
        type: 3}
      propertyPath: m_SortingLayerID
      value: 238904293
      objectReference: {fileID: 0}
    - target: {fileID: 948480157837962191, guid: ca4ba86b990bee04f89764b7ed02c69b,
        type: 3}
      propertyPath: m_SortingLayer
      value: -2
      objectReference: {fileID: 0}
    - target: {fileID: 948480157837962191, guid: ca4ba86b990bee04f89764b7ed02c69b,
        type: 3}
      propertyPath: m_Materials.Array.data[0]
      value: 
      objectReference: {fileID: 2100000, guid: 286432cdc97bbfd4d9f89c5d1d7156bf, type: 2}
    - target: {fileID: -8248527127438149476, guid: ca4ba86b990bee04f89764b7ed02c69b,
        type: 3}
      propertyPath: m_SortingLayerID
      value: 238904293
      objectReference: {fileID: 0}
    - target: {fileID: -8248527127438149476, guid: ca4ba86b990bee04f89764b7ed02c69b,
        type: 3}
      propertyPath: m_SortingLayer
      value: -2
      objectReference: {fileID: 0}
    - target: {fileID: -8248527127438149476, guid: ca4ba86b990bee04f89764b7ed02c69b,
        type: 3}
      propertyPath: m_Materials.Array.data[0]
      value: 
      objectReference: {fileID: 2100000, guid: 286432cdc97bbfd4d9f89c5d1d7156bf, type: 2}
    - target: {fileID: -1139266178912985330, guid: ca4ba86b990bee04f89764b7ed02c69b,
        type: 3}
      propertyPath: m_SortingLayerID
      value: 238904293
      objectReference: {fileID: 0}
    - target: {fileID: -1139266178912985330, guid: ca4ba86b990bee04f89764b7ed02c69b,
        type: 3}
      propertyPath: m_SortingLayer
      value: -2
      objectReference: {fileID: 0}
    - target: {fileID: -1139266178912985330, guid: ca4ba86b990bee04f89764b7ed02c69b,
        type: 3}
      propertyPath: m_Materials.Array.data[0]
      value: 
      objectReference: {fileID: 2100000, guid: 286432cdc97bbfd4d9f89c5d1d7156bf, type: 2}
    - target: {fileID: -108069032165399011, guid: ca4ba86b990bee04f89764b7ed02c69b,
        type: 3}
      propertyPath: m_SortingLayerID
      value: 238904293
      objectReference: {fileID: 0}
    - target: {fileID: -108069032165399011, guid: ca4ba86b990bee04f89764b7ed02c69b,
        type: 3}
      propertyPath: m_SortingLayer
      value: -2
      objectReference: {fileID: 0}
    - target: {fileID: -108069032165399011, guid: ca4ba86b990bee04f89764b7ed02c69b,
        type: 3}
      propertyPath: m_Materials.Array.data[0]
      value: 
      objectReference: {fileID: 2100000, guid: 286432cdc97bbfd4d9f89c5d1d7156bf, type: 2}
    - target: {fileID: 8789218081384727900, guid: ca4ba86b990bee04f89764b7ed02c69b,
        type: 3}
      propertyPath: m_SortingLayerID
      value: 238904293
      objectReference: {fileID: 0}
    - target: {fileID: 8789218081384727900, guid: ca4ba86b990bee04f89764b7ed02c69b,
        type: 3}
      propertyPath: m_SortingLayer
      value: -2
      objectReference: {fileID: 0}
    - target: {fileID: 8789218081384727900, guid: ca4ba86b990bee04f89764b7ed02c69b,
        type: 3}
      propertyPath: m_Materials.Array.data[0]
      value: 
      objectReference: {fileID: 2100000, guid: 286432cdc97bbfd4d9f89c5d1d7156bf, type: 2}
    - target: {fileID: -1903044432489416744, guid: ca4ba86b990bee04f89764b7ed02c69b,
        type: 3}
      propertyPath: m_SortingLayerID
      value: 238904293
      objectReference: {fileID: 0}
    - target: {fileID: -1903044432489416744, guid: ca4ba86b990bee04f89764b7ed02c69b,
        type: 3}
      propertyPath: m_SortingLayer
      value: -2
      objectReference: {fileID: 0}
    - target: {fileID: -1903044432489416744, guid: ca4ba86b990bee04f89764b7ed02c69b,
        type: 3}
      propertyPath: m_Materials.Array.data[0]
      value: 
      objectReference: {fileID: 2100000, guid: 286432cdc97bbfd4d9f89c5d1d7156bf, type: 2}
    - target: {fileID: -2194688161234529738, guid: ca4ba86b990bee04f89764b7ed02c69b,
        type: 3}
      propertyPath: m_SortingLayerID
      value: 238904293
      objectReference: {fileID: 0}
    - target: {fileID: -2194688161234529738, guid: ca4ba86b990bee04f89764b7ed02c69b,
        type: 3}
      propertyPath: m_SortingLayer
      value: -2
      objectReference: {fileID: 0}
    - target: {fileID: -2194688161234529738, guid: ca4ba86b990bee04f89764b7ed02c69b,
        type: 3}
      propertyPath: m_Materials.Array.data[0]
      value: 
      objectReference: {fileID: 2100000, guid: 286432cdc97bbfd4d9f89c5d1d7156bf, type: 2}
    - target: {fileID: -1267061645759369094, guid: ca4ba86b990bee04f89764b7ed02c69b,
        type: 3}
      propertyPath: m_SortingLayerID
      value: 238904293
      objectReference: {fileID: 0}
    - target: {fileID: -1267061645759369094, guid: ca4ba86b990bee04f89764b7ed02c69b,
        type: 3}
      propertyPath: m_SortingLayer
      value: -2
      objectReference: {fileID: 0}
    - target: {fileID: -1267061645759369094, guid: ca4ba86b990bee04f89764b7ed02c69b,
        type: 3}
      propertyPath: m_Materials.Array.data[0]
      value: 
      objectReference: {fileID: 2100000, guid: 286432cdc97bbfd4d9f89c5d1d7156bf, type: 2}
    - target: {fileID: -1696092454028079070, guid: ca4ba86b990bee04f89764b7ed02c69b,
        type: 3}
      propertyPath: m_SortingLayerID
      value: 238904293
      objectReference: {fileID: 0}
    - target: {fileID: -1696092454028079070, guid: ca4ba86b990bee04f89764b7ed02c69b,
        type: 3}
      propertyPath: m_SortingLayer
      value: -2
      objectReference: {fileID: 0}
    - target: {fileID: -1696092454028079070, guid: ca4ba86b990bee04f89764b7ed02c69b,
        type: 3}
      propertyPath: m_Materials.Array.data[0]
      value: 
      objectReference: {fileID: 2100000, guid: 286432cdc97bbfd4d9f89c5d1d7156bf, type: 2}
    - target: {fileID: -2378743860991377404, guid: ca4ba86b990bee04f89764b7ed02c69b,
        type: 3}
      propertyPath: m_SortingLayerID
      value: 238904293
      objectReference: {fileID: 0}
    - target: {fileID: -2378743860991377404, guid: ca4ba86b990bee04f89764b7ed02c69b,
        type: 3}
      propertyPath: m_SortingLayer
      value: -2
      objectReference: {fileID: 0}
    - target: {fileID: -2378743860991377404, guid: ca4ba86b990bee04f89764b7ed02c69b,
        type: 3}
      propertyPath: m_Materials.Array.data[0]
      value: 
      objectReference: {fileID: 2100000, guid: 286432cdc97bbfd4d9f89c5d1d7156bf, type: 2}
    - target: {fileID: 6898195512411968086, guid: ca4ba86b990bee04f89764b7ed02c69b,
        type: 3}
      propertyPath: m_SortingLayerID
      value: 238904293
      objectReference: {fileID: 0}
    - target: {fileID: 6898195512411968086, guid: ca4ba86b990bee04f89764b7ed02c69b,
        type: 3}
      propertyPath: m_SortingLayer
      value: -2
      objectReference: {fileID: 0}
    - target: {fileID: 6898195512411968086, guid: ca4ba86b990bee04f89764b7ed02c69b,
        type: 3}
      propertyPath: m_Materials.Array.data[0]
      value: 
      objectReference: {fileID: 2100000, guid: 286432cdc97bbfd4d9f89c5d1d7156bf, type: 2}
    - target: {fileID: -2712556670712674003, guid: ca4ba86b990bee04f89764b7ed02c69b,
        type: 3}
      propertyPath: m_SortingLayerID
      value: 238904293
      objectReference: {fileID: 0}
    - target: {fileID: -2712556670712674003, guid: ca4ba86b990bee04f89764b7ed02c69b,
        type: 3}
      propertyPath: m_SortingLayer
      value: -2
      objectReference: {fileID: 0}
    - target: {fileID: -2712556670712674003, guid: ca4ba86b990bee04f89764b7ed02c69b,
        type: 3}
      propertyPath: m_Materials.Array.data[0]
      value: 
      objectReference: {fileID: 2100000, guid: 286432cdc97bbfd4d9f89c5d1d7156bf, type: 2}
    - target: {fileID: -2669942265508304403, guid: ca4ba86b990bee04f89764b7ed02c69b,
        type: 3}
      propertyPath: m_SortingLayerID
      value: 238904293
      objectReference: {fileID: 0}
    - target: {fileID: -2669942265508304403, guid: ca4ba86b990bee04f89764b7ed02c69b,
        type: 3}
      propertyPath: m_SortingLayer
      value: -2
      objectReference: {fileID: 0}
    - target: {fileID: -2669942265508304403, guid: ca4ba86b990bee04f89764b7ed02c69b,
        type: 3}
      propertyPath: m_Materials.Array.data[0]
      value: 
      objectReference: {fileID: 2100000, guid: 286432cdc97bbfd4d9f89c5d1d7156bf, type: 2}
    - target: {fileID: -4220447760223475232, guid: ca4ba86b990bee04f89764b7ed02c69b,
        type: 3}
      propertyPath: m_SortingLayerID
      value: 238904293
      objectReference: {fileID: 0}
    - target: {fileID: -4220447760223475232, guid: ca4ba86b990bee04f89764b7ed02c69b,
        type: 3}
      propertyPath: m_SortingLayer
      value: -2
      objectReference: {fileID: 0}
    - target: {fileID: -4220447760223475232, guid: ca4ba86b990bee04f89764b7ed02c69b,
        type: 3}
      propertyPath: m_Materials.Array.data[0]
      value: 
      objectReference: {fileID: 2100000, guid: 286432cdc97bbfd4d9f89c5d1d7156bf, type: 2}
    - target: {fileID: -4442970562452690484, guid: ca4ba86b990bee04f89764b7ed02c69b,
        type: 3}
      propertyPath: m_SortingLayerID
      value: 238904293
      objectReference: {fileID: 0}
    - target: {fileID: -4442970562452690484, guid: ca4ba86b990bee04f89764b7ed02c69b,
        type: 3}
      propertyPath: m_SortingLayer
      value: -2
      objectReference: {fileID: 0}
    - target: {fileID: -4442970562452690484, guid: ca4ba86b990bee04f89764b7ed02c69b,
        type: 3}
      propertyPath: m_Materials.Array.data[0]
      value: 
      objectReference: {fileID: 2100000, guid: 286432cdc97bbfd4d9f89c5d1d7156bf, type: 2}
    m_RemovedComponents: []
  m_SourcePrefab: {fileID: 4072663846369292845, guid: ca4ba86b990bee04f89764b7ed02c69b,
    type: 3}
--- !u!212 &7784159225828286733 stripped
SpriteRenderer:
  m_CorrespondingSourceObject: {fileID: -2712556670712674003, guid: ca4ba86b990bee04f89764b7ed02c69b,
    type: 3}
  m_PrefabInstance: {fileID: 3917555010746787872}
  m_PrefabAsset: {fileID: 0}
--- !u!212 &1173340167384318326 stripped
SpriteRenderer:
  m_CorrespondingSourceObject: {fileID: 2744232781432154454, guid: ca4ba86b990bee04f89764b7ed02c69b,
    type: 3}
  m_PrefabInstance: {fileID: 3917555010746787872}
  m_PrefabAsset: {fileID: 0}
--- !u!212 &6037907275689222136 stripped
SpriteRenderer:
  m_CorrespondingSourceObject: {fileID: -1903044432489416744, guid: ca4ba86b990bee04f89764b7ed02c69b,
    type: 3}
  m_PrefabInstance: {fileID: 3917555010746787872}
  m_PrefabAsset: {fileID: 0}
--- !u!212 &4284152684714197999 stripped
SpriteRenderer:
  m_CorrespondingSourceObject: {fileID: 948480157837962191, guid: ca4ba86b990bee04f89764b7ed02c69b,
    type: 3}
  m_PrefabInstance: {fileID: 3917555010746787872}
  m_PrefabAsset: {fileID: 0}
--- !u!212 &2987652945369038930 stripped
SpriteRenderer:
  m_CorrespondingSourceObject: {fileID: -6977284181860407182, guid: ca4ba86b990bee04f89764b7ed02c69b,
    type: 3}
  m_PrefabInstance: {fileID: 3917555010746787872}
  m_PrefabAsset: {fileID: 0}
--- !u!212 &7539292448362260516 stripped
SpriteRenderer:
  m_CorrespondingSourceObject: {fileID: -2378743860991377404, guid: ca4ba86b990bee04f89764b7ed02c69b,
    type: 3}
  m_PrefabInstance: {fileID: 3917555010746787872}
  m_PrefabAsset: {fileID: 0}
--- !u!212 &6329551133689870870 stripped
SpriteRenderer:
  m_CorrespondingSourceObject: {fileID: -2194688161234529738, guid: ca4ba86b990bee04f89764b7ed02c69b,
    type: 3}
  m_PrefabInstance: {fileID: 3917555010746787872}
  m_PrefabAsset: {fileID: 0}
--- !u!212 &6356705133570594906 stripped
SpriteRenderer:
  m_CorrespondingSourceObject: {fileID: -1267061645759369094, guid: ca4ba86b990bee04f89764b7ed02c69b,
    type: 3}
  m_PrefabInstance: {fileID: 3917555010746787872}
  m_PrefabAsset: {fileID: 0}
--- !u!212 &1302833465924284597 stripped
SpriteRenderer:
  m_CorrespondingSourceObject: {fileID: -6608632622808213355, guid: ca4ba86b990bee04f89764b7ed02c69b,
    type: 3}
  m_PrefabInstance: {fileID: 3917555010746787872}
  m_PrefabAsset: {fileID: 0}
--- !u!4 &9101282324538409167 stripped
Transform:
  m_CorrespondingSourceObject: {fileID: 5193692204890745071, guid: ca4ba86b990bee04f89764b7ed02c69b,
    type: 3}
  m_PrefabInstance: {fileID: 3917555010746787872}
  m_PrefabAsset: {fileID: 0}
--- !u!212 &4312948438770454716 stripped
SpriteRenderer:
  m_CorrespondingSourceObject: {fileID: -8248527127438149476, guid: ca4ba86b990bee04f89764b7ed02c69b,
    type: 3}
  m_PrefabInstance: {fileID: 3917555010746787872}
  m_PrefabAsset: {fileID: 0}
--- !u!212 &8361660956540944876 stripped
SpriteRenderer:
  m_CorrespondingSourceObject: {fileID: -4442970562452690484, guid: ca4ba86b990bee04f89764b7ed02c69b,
    type: 3}
  m_PrefabInstance: {fileID: 3917555010746787872}
  m_PrefabAsset: {fileID: 0}
--- !u!212 &5250630157304237629 stripped
SpriteRenderer:
  m_CorrespondingSourceObject: {fileID: -108069032165399011, guid: ca4ba86b990bee04f89764b7ed02c69b,
    type: 3}
  m_PrefabInstance: {fileID: 3917555010746787872}
  m_PrefabAsset: {fileID: 0}
--- !u!212 &131161653070315498 stripped
SpriteRenderer:
  m_CorrespondingSourceObject: {fileID: 4002584419452164042, guid: ca4ba86b990bee04f89764b7ed02c69b,
    type: 3}
  m_PrefabInstance: {fileID: 3917555010746787872}
  m_PrefabAsset: {fileID: 0}
--- !u!212 &6785718888806135810 stripped
SpriteRenderer:
  m_CorrespondingSourceObject: {fileID: -1696092454028079070, guid: ca4ba86b990bee04f89764b7ed02c69b,
    type: 3}
  m_PrefabInstance: {fileID: 3917555010746787872}
  m_PrefabAsset: {fileID: 0}
--- !u!212 &5738818210073783676 stripped
SpriteRenderer:
  m_CorrespondingSourceObject: {fileID: 8789218081384727900, guid: ca4ba86b990bee04f89764b7ed02c69b,
    type: 3}
  m_PrefabInstance: {fileID: 3917555010746787872}
  m_PrefabAsset: {fileID: 0}
--- !u!212 &7831625755427488205 stripped
SpriteRenderer:
  m_CorrespondingSourceObject: {fileID: -2669942265508304403, guid: ca4ba86b990bee04f89764b7ed02c69b,
    type: 3}
  m_PrefabInstance: {fileID: 3917555010746787872}
  m_PrefabAsset: {fileID: 0}
--- !u!212 &189868832758069042 stripped
SpriteRenderer:
  m_CorrespondingSourceObject: {fileID: 3818910871320223506, guid: ca4ba86b990bee04f89764b7ed02c69b,
    type: 3}
  m_PrefabInstance: {fileID: 3917555010746787872}
  m_PrefabAsset: {fileID: 0}
--- !u!212 &7630966678806821494 stripped
SpriteRenderer:
  m_CorrespondingSourceObject: {fileID: 6898195512411968086, guid: ca4ba86b990bee04f89764b7ed02c69b,
    type: 3}
  m_PrefabInstance: {fileID: 3917555010746787872}
  m_PrefabAsset: {fileID: 0}
--- !u!212 &2063009148970740284 stripped
SpriteRenderer:
  m_CorrespondingSourceObject: {fileID: -6125823057055120868, guid: ca4ba86b990bee04f89764b7ed02c69b,
    type: 3}
  m_PrefabInstance: {fileID: 3917555010746787872}
  m_PrefabAsset: {fileID: 0}
--- !u!212 &498200359119614399 stripped
SpriteRenderer:
  m_CorrespondingSourceObject: {fileID: 3509435580131236255, guid: ca4ba86b990bee04f89764b7ed02c69b,
    type: 3}
  m_PrefabInstance: {fileID: 3917555010746787872}
  m_PrefabAsset: {fileID: 0}
--- !u!212 &8300141370821329344 stripped
SpriteRenderer:
  m_CorrespondingSourceObject: {fileID: -4220447760223475232, guid: ca4ba86b990bee04f89764b7ed02c69b,
    type: 3}
  m_PrefabInstance: {fileID: 3917555010746787872}
  m_PrefabAsset: {fileID: 0}
--- !u!212 &5074836552532326190 stripped
SpriteRenderer:
  m_CorrespondingSourceObject: {fileID: -1139266178912985330, guid: ca4ba86b990bee04f89764b7ed02c69b,
    type: 3}
  m_PrefabInstance: {fileID: 3917555010746787872}
  m_PrefabAsset: {fileID: 0}
--- !u!1001 &6090142375283111869
PrefabInstance:
  m_ObjectHideFlags: 0
  serializedVersion: 2
  m_Modification:
    m_TransformParent: {fileID: 5446874781022606848}
    m_Modifications:
    - target: {fileID: -2817631371398254418, guid: 9157d454a725dd94a9be7d4df2d8c4d8,
        type: 3}
      propertyPath: m_LocalPosition.x
      value: 0.046
      objectReference: {fileID: 0}
    - target: {fileID: -2817631371398254418, guid: 9157d454a725dd94a9be7d4df2d8c4d8,
        type: 3}
      propertyPath: m_LocalPosition.y
      value: 0
      objectReference: {fileID: 0}
    - target: {fileID: -2817631371398254418, guid: 9157d454a725dd94a9be7d4df2d8c4d8,
        type: 3}
      propertyPath: m_LocalPosition.z
      value: 0
      objectReference: {fileID: 0}
    - target: {fileID: -2817631371398254418, guid: 9157d454a725dd94a9be7d4df2d8c4d8,
        type: 3}
      propertyPath: m_LocalRotation.x
      value: -0
      objectReference: {fileID: 0}
    - target: {fileID: -2817631371398254418, guid: 9157d454a725dd94a9be7d4df2d8c4d8,
        type: 3}
      propertyPath: m_LocalRotation.y
      value: -0
      objectReference: {fileID: 0}
    - target: {fileID: -2817631371398254418, guid: 9157d454a725dd94a9be7d4df2d8c4d8,
        type: 3}
      propertyPath: m_LocalRotation.z
      value: -0
      objectReference: {fileID: 0}
    - target: {fileID: -2817631371398254418, guid: 9157d454a725dd94a9be7d4df2d8c4d8,
        type: 3}
      propertyPath: m_LocalRotation.w
      value: 1
      objectReference: {fileID: 0}
    - target: {fileID: -2817631371398254418, guid: 9157d454a725dd94a9be7d4df2d8c4d8,
        type: 3}
      propertyPath: m_RootOrder
      value: 4
      objectReference: {fileID: 0}
    - target: {fileID: -2817631371398254418, guid: 9157d454a725dd94a9be7d4df2d8c4d8,
        type: 3}
      propertyPath: m_LocalEulerAnglesHint.x
      value: 0
      objectReference: {fileID: 0}
    - target: {fileID: -2817631371398254418, guid: 9157d454a725dd94a9be7d4df2d8c4d8,
        type: 3}
      propertyPath: m_LocalEulerAnglesHint.y
      value: 0
      objectReference: {fileID: 0}
    - target: {fileID: -2817631371398254418, guid: 9157d454a725dd94a9be7d4df2d8c4d8,
        type: 3}
      propertyPath: m_LocalEulerAnglesHint.z
      value: 0
      objectReference: {fileID: 0}
    - target: {fileID: -2817631371398254418, guid: 9157d454a725dd94a9be7d4df2d8c4d8,
        type: 3}
      propertyPath: m_LocalScale.x
      value: 0.06802234
      objectReference: {fileID: 0}
    - target: {fileID: -2817631371398254418, guid: 9157d454a725dd94a9be7d4df2d8c4d8,
        type: 3}
      propertyPath: m_LocalScale.y
      value: 0.06802234
      objectReference: {fileID: 0}
    - target: {fileID: -2817631371398254418, guid: 9157d454a725dd94a9be7d4df2d8c4d8,
        type: 3}
      propertyPath: m_LocalScale.z
      value: 0.06802234
      objectReference: {fileID: 0}
    - target: {fileID: 4916317345881715297, guid: 9157d454a725dd94a9be7d4df2d8c4d8,
        type: 3}
      propertyPath: m_Name
      value: HorizontalSprite
      objectReference: {fileID: 0}
    - target: {fileID: 4916317345881715297, guid: 9157d454a725dd94a9be7d4df2d8c4d8,
        type: 3}
      propertyPath: m_IsActive
      value: 1
      objectReference: {fileID: 0}
    - target: {fileID: -3335999090828602657, guid: 9157d454a725dd94a9be7d4df2d8c4d8,
        type: 3}
      propertyPath: m_SortingLayerID
      value: 238904293
      objectReference: {fileID: 0}
    - target: {fileID: -3335999090828602657, guid: 9157d454a725dd94a9be7d4df2d8c4d8,
        type: 3}
      propertyPath: m_SortingLayer
      value: -2
      objectReference: {fileID: 0}
    - target: {fileID: -2752867194687633997, guid: 9157d454a725dd94a9be7d4df2d8c4d8,
        type: 3}
      propertyPath: m_SortingLayerID
      value: 238904293
      objectReference: {fileID: 0}
    - target: {fileID: -2752867194687633997, guid: 9157d454a725dd94a9be7d4df2d8c4d8,
        type: 3}
      propertyPath: m_SortingLayer
      value: -2
      objectReference: {fileID: 0}
    - target: {fileID: 5118374278216900198, guid: 9157d454a725dd94a9be7d4df2d8c4d8,
        type: 3}
      propertyPath: m_SortingLayerID
      value: 238904293
      objectReference: {fileID: 0}
    - target: {fileID: 5118374278216900198, guid: 9157d454a725dd94a9be7d4df2d8c4d8,
        type: 3}
      propertyPath: m_SortingLayer
      value: -2
      objectReference: {fileID: 0}
    - target: {fileID: -7821837909057003789, guid: 9157d454a725dd94a9be7d4df2d8c4d8,
        type: 3}
      propertyPath: m_SortingLayerID
      value: 238904293
      objectReference: {fileID: 0}
    - target: {fileID: -7821837909057003789, guid: 9157d454a725dd94a9be7d4df2d8c4d8,
        type: 3}
      propertyPath: m_SortingLayer
      value: -2
      objectReference: {fileID: 0}
    - target: {fileID: -7493067016291553014, guid: 9157d454a725dd94a9be7d4df2d8c4d8,
        type: 3}
      propertyPath: m_SortingLayerID
      value: 238904293
      objectReference: {fileID: 0}
    - target: {fileID: -7493067016291553014, guid: 9157d454a725dd94a9be7d4df2d8c4d8,
        type: 3}
      propertyPath: m_SortingLayer
      value: -2
      objectReference: {fileID: 0}
    - target: {fileID: -9012506703152079395, guid: 9157d454a725dd94a9be7d4df2d8c4d8,
        type: 3}
      propertyPath: m_SortingLayerID
      value: 238904293
      objectReference: {fileID: 0}
    - target: {fileID: -9012506703152079395, guid: 9157d454a725dd94a9be7d4df2d8c4d8,
        type: 3}
      propertyPath: m_SortingLayer
      value: -2
      objectReference: {fileID: 0}
    - target: {fileID: -4640016921737180650, guid: 9157d454a725dd94a9be7d4df2d8c4d8,
        type: 3}
      propertyPath: m_SortingLayerID
      value: 238904293
      objectReference: {fileID: 0}
    - target: {fileID: -4640016921737180650, guid: 9157d454a725dd94a9be7d4df2d8c4d8,
        type: 3}
      propertyPath: m_SortingLayer
      value: -2
      objectReference: {fileID: 0}
    - target: {fileID: -5180106250712947976, guid: 9157d454a725dd94a9be7d4df2d8c4d8,
        type: 3}
      propertyPath: m_SortingLayerID
      value: 238904293
      objectReference: {fileID: 0}
    - target: {fileID: -5180106250712947976, guid: 9157d454a725dd94a9be7d4df2d8c4d8,
        type: 3}
      propertyPath: m_SortingLayer
      value: -2
      objectReference: {fileID: 0}
    - target: {fileID: -4941492694237291692, guid: 9157d454a725dd94a9be7d4df2d8c4d8,
        type: 3}
      propertyPath: m_SortingLayerID
      value: 238904293
      objectReference: {fileID: 0}
    - target: {fileID: -4941492694237291692, guid: 9157d454a725dd94a9be7d4df2d8c4d8,
        type: 3}
      propertyPath: m_SortingLayer
      value: -2
      objectReference: {fileID: 0}
    - target: {fileID: -6494697200144150834, guid: 9157d454a725dd94a9be7d4df2d8c4d8,
        type: 3}
      propertyPath: m_SortingLayerID
      value: 238904293
      objectReference: {fileID: 0}
    - target: {fileID: -6494697200144150834, guid: 9157d454a725dd94a9be7d4df2d8c4d8,
        type: 3}
      propertyPath: m_SortingLayer
      value: -2
      objectReference: {fileID: 0}
    m_RemovedComponents: []
  m_SourcePrefab: {fileID: -7453420509188004068, guid: 9157d454a725dd94a9be7d4df2d8c4d8,
    type: 3}
--- !u!212 &1408666193502464475 stripped
SpriteRenderer:
  m_CorrespondingSourceObject: {fileID: 5118374278216900198, guid: 9157d454a725dd94a9be7d4df2d8c4d8,
    type: 3}
  m_PrefabInstance: {fileID: 6090142375283111869}
  m_PrefabAsset: {fileID: 0}
--- !u!212 &8063909169507462377 stripped
SpriteRenderer:
  m_CorrespondingSourceObject: {fileID: -4941492694237291692, guid: 9157d454a725dd94a9be7d4df2d8c4d8,
    type: 3}
  m_PrefabInstance: {fileID: 6090142375283111869}
  m_PrefabAsset: {fileID: 0}
--- !u!212 &8168046996714862963 stripped
SpriteRenderer:
  m_CorrespondingSourceObject: {fileID: -6494697200144150834, guid: 9157d454a725dd94a9be7d4df2d8c4d8,
    type: 3}
  m_PrefabInstance: {fileID: 6090142375283111869}
  m_PrefabAsset: {fileID: 0}
--- !u!212 &959075294014927374 stripped
SpriteRenderer:
  m_CorrespondingSourceObject: {fileID: -2752867194687633997, guid: 9157d454a725dd94a9be7d4df2d8c4d8,
    type: 3}
  m_PrefabInstance: {fileID: 6090142375283111869}
  m_PrefabAsset: {fileID: 0}
--- !u!212 &6226698031187012192 stripped
SpriteRenderer:
  m_CorrespondingSourceObject: {fileID: -9012506703152079395, guid: 9157d454a725dd94a9be7d4df2d8c4d8,
    type: 3}
  m_PrefabInstance: {fileID: 6090142375283111869}
  m_PrefabAsset: {fileID: 0}
--- !u!212 &7719118121348398507 stripped
SpriteRenderer:
  m_CorrespondingSourceObject: {fileID: -4640016921737180650, guid: 9157d454a725dd94a9be7d4df2d8c4d8,
    type: 3}
  m_PrefabInstance: {fileID: 6090142375283111869}
  m_PrefabAsset: {fileID: 0}
--- !u!212 &7825031798961001797 stripped
SpriteRenderer:
  m_CorrespondingSourceObject: {fileID: -5180106250712947976, guid: 9157d454a725dd94a9be7d4df2d8c4d8,
    type: 3}
  m_PrefabInstance: {fileID: 6090142375283111869}
  m_PrefabAsset: {fileID: 0}
--- !u!212 &373990880181167458 stripped
SpriteRenderer:
  m_CorrespondingSourceObject: {fileID: -3335999090828602657, guid: 9157d454a725dd94a9be7d4df2d8c4d8,
    type: 3}
  m_PrefabInstance: {fileID: 6090142375283111869}
  m_PrefabAsset: {fileID: 0}
--- !u!4 &892076712240793363 stripped
Transform:
  m_CorrespondingSourceObject: {fileID: -2817631371398254418, guid: 9157d454a725dd94a9be7d4df2d8c4d8,
    type: 3}
  m_PrefabInstance: {fileID: 6090142375283111869}
  m_PrefabAsset: {fileID: 0}
--- !u!212 &5514603895729637047 stripped
SpriteRenderer:
  m_CorrespondingSourceObject: {fileID: -7493067016291553014, guid: 9157d454a725dd94a9be7d4df2d8c4d8,
    type: 3}
  m_PrefabInstance: {fileID: 6090142375283111869}
  m_PrefabAsset: {fileID: 0}
--- !u!212 &5185815686856091982 stripped
SpriteRenderer:
  m_CorrespondingSourceObject: {fileID: -7821837909057003789, guid: 9157d454a725dd94a9be7d4df2d8c4d8,
    type: 3}
  m_PrefabInstance: {fileID: 6090142375283111869}
  m_PrefabAsset: {fileID: 0}
--- !u!1001 &8435126975229487321
PrefabInstance:
  m_ObjectHideFlags: 0
  serializedVersion: 2
  m_Modification:
    m_TransformParent: {fileID: 5446874781022606848}
    m_Modifications:
    - target: {fileID: 8109599750060889767, guid: 33b981da796a19c409187664ac18ab12,
        type: 3}
      propertyPath: m_LocalPosition.x
      value: -0.186
      objectReference: {fileID: 0}
    - target: {fileID: 8109599750060889767, guid: 33b981da796a19c409187664ac18ab12,
        type: 3}
      propertyPath: m_LocalPosition.y
      value: 0
      objectReference: {fileID: 0}
    - target: {fileID: 8109599750060889767, guid: 33b981da796a19c409187664ac18ab12,
        type: 3}
      propertyPath: m_LocalPosition.z
      value: 0
      objectReference: {fileID: 0}
    - target: {fileID: 8109599750060889767, guid: 33b981da796a19c409187664ac18ab12,
        type: 3}
      propertyPath: m_LocalRotation.x
      value: -0
      objectReference: {fileID: 0}
    - target: {fileID: 8109599750060889767, guid: 33b981da796a19c409187664ac18ab12,
        type: 3}
      propertyPath: m_LocalRotation.y
      value: -0
      objectReference: {fileID: 0}
    - target: {fileID: 8109599750060889767, guid: 33b981da796a19c409187664ac18ab12,
        type: 3}
      propertyPath: m_LocalRotation.z
      value: -0
      objectReference: {fileID: 0}
    - target: {fileID: 8109599750060889767, guid: 33b981da796a19c409187664ac18ab12,
        type: 3}
      propertyPath: m_LocalRotation.w
      value: 1
      objectReference: {fileID: 0}
    - target: {fileID: 8109599750060889767, guid: 33b981da796a19c409187664ac18ab12,
        type: 3}
      propertyPath: m_RootOrder
      value: 0
      objectReference: {fileID: 0}
    - target: {fileID: 8109599750060889767, guid: 33b981da796a19c409187664ac18ab12,
        type: 3}
      propertyPath: m_LocalEulerAnglesHint.x
      value: 0
      objectReference: {fileID: 0}
    - target: {fileID: 8109599750060889767, guid: 33b981da796a19c409187664ac18ab12,
        type: 3}
      propertyPath: m_LocalEulerAnglesHint.y
      value: 0
      objectReference: {fileID: 0}
    - target: {fileID: 8109599750060889767, guid: 33b981da796a19c409187664ac18ab12,
        type: 3}
      propertyPath: m_LocalEulerAnglesHint.z
      value: 0
      objectReference: {fileID: 0}
    - target: {fileID: 8109599750060889767, guid: 33b981da796a19c409187664ac18ab12,
        type: 3}
      propertyPath: m_LocalScale.x
      value: 0.06309323
      objectReference: {fileID: 0}
    - target: {fileID: 8109599750060889767, guid: 33b981da796a19c409187664ac18ab12,
        type: 3}
      propertyPath: m_LocalScale.y
      value: 0.06309323
      objectReference: {fileID: 0}
    - target: {fileID: 8109599750060889767, guid: 33b981da796a19c409187664ac18ab12,
        type: 3}
      propertyPath: m_LocalScale.z
      value: 0.06309323
      objectReference: {fileID: 0}
    - target: {fileID: -6392866989992112631, guid: 33b981da796a19c409187664ac18ab12,
        type: 3}
      propertyPath: m_Name
      value: UpSprite
      objectReference: {fileID: 0}
    - target: {fileID: -6392866989992112631, guid: 33b981da796a19c409187664ac18ab12,
        type: 3}
      propertyPath: m_IsActive
      value: 1
      objectReference: {fileID: 0}
    - target: {fileID: -1790590700511813536, guid: 33b981da796a19c409187664ac18ab12,
        type: 3}
      propertyPath: m_SortingLayerID
      value: 238904293
      objectReference: {fileID: 0}
    - target: {fileID: -1790590700511813536, guid: 33b981da796a19c409187664ac18ab12,
        type: 3}
      propertyPath: m_SortingLayer
      value: -2
      objectReference: {fileID: 0}
    - target: {fileID: -1790590700511813536, guid: 33b981da796a19c409187664ac18ab12,
        type: 3}
      propertyPath: m_Materials.Array.data[0]
      value: 
      objectReference: {fileID: 2100000, guid: a97c105638bdf8b4a8650670310a4cd3, type: 2}
    - target: {fileID: -2299153091037661343, guid: 33b981da796a19c409187664ac18ab12,
        type: 3}
      propertyPath: m_SortingLayerID
      value: 238904293
      objectReference: {fileID: 0}
    - target: {fileID: -2299153091037661343, guid: 33b981da796a19c409187664ac18ab12,
        type: 3}
      propertyPath: m_SortingLayer
      value: -2
      objectReference: {fileID: 0}
    - target: {fileID: -2299153091037661343, guid: 33b981da796a19c409187664ac18ab12,
        type: 3}
      propertyPath: m_Materials.Array.data[0]
      value: 
      objectReference: {fileID: 2100000, guid: a97c105638bdf8b4a8650670310a4cd3, type: 2}
    - target: {fileID: -2138489858435830077, guid: 33b981da796a19c409187664ac18ab12,
        type: 3}
      propertyPath: m_SortingLayerID
      value: 238904293
      objectReference: {fileID: 0}
    - target: {fileID: -2138489858435830077, guid: 33b981da796a19c409187664ac18ab12,
        type: 3}
      propertyPath: m_SortingLayer
      value: -2
      objectReference: {fileID: 0}
    - target: {fileID: -2138489858435830077, guid: 33b981da796a19c409187664ac18ab12,
        type: 3}
      propertyPath: m_Materials.Array.data[0]
      value: 
      objectReference: {fileID: 2100000, guid: a97c105638bdf8b4a8650670310a4cd3, type: 2}
    - target: {fileID: 6069313302986417651, guid: 33b981da796a19c409187664ac18ab12,
        type: 3}
      propertyPath: m_SortingLayerID
      value: 238904293
      objectReference: {fileID: 0}
    - target: {fileID: 6069313302986417651, guid: 33b981da796a19c409187664ac18ab12,
        type: 3}
      propertyPath: m_SortingLayer
      value: -2
      objectReference: {fileID: 0}
    - target: {fileID: 6069313302986417651, guid: 33b981da796a19c409187664ac18ab12,
        type: 3}
      propertyPath: m_Materials.Array.data[0]
      value: 
      objectReference: {fileID: 2100000, guid: a97c105638bdf8b4a8650670310a4cd3, type: 2}
    - target: {fileID: -3379052169857812864, guid: 33b981da796a19c409187664ac18ab12,
        type: 3}
      propertyPath: m_SortingLayerID
      value: 238904293
      objectReference: {fileID: 0}
    - target: {fileID: -3379052169857812864, guid: 33b981da796a19c409187664ac18ab12,
        type: 3}
      propertyPath: m_SortingLayer
      value: -2
      objectReference: {fileID: 0}
    - target: {fileID: -3379052169857812864, guid: 33b981da796a19c409187664ac18ab12,
        type: 3}
      propertyPath: m_Materials.Array.data[0]
      value: 
      objectReference: {fileID: 2100000, guid: a97c105638bdf8b4a8650670310a4cd3, type: 2}
    - target: {fileID: 4825005003158125145, guid: 33b981da796a19c409187664ac18ab12,
        type: 3}
      propertyPath: m_SortingLayerID
      value: 238904293
      objectReference: {fileID: 0}
    - target: {fileID: 4825005003158125145, guid: 33b981da796a19c409187664ac18ab12,
        type: 3}
      propertyPath: m_SortingLayer
      value: -2
      objectReference: {fileID: 0}
    - target: {fileID: 4825005003158125145, guid: 33b981da796a19c409187664ac18ab12,
        type: 3}
      propertyPath: m_Materials.Array.data[0]
      value: 
      objectReference: {fileID: 2100000, guid: a97c105638bdf8b4a8650670310a4cd3, type: 2}
    - target: {fileID: -7893152183956183515, guid: 33b981da796a19c409187664ac18ab12,
        type: 3}
      propertyPath: m_SortingLayerID
      value: 238904293
      objectReference: {fileID: 0}
    - target: {fileID: -7893152183956183515, guid: 33b981da796a19c409187664ac18ab12,
        type: 3}
      propertyPath: m_SortingLayer
      value: -2
      objectReference: {fileID: 0}
    - target: {fileID: -7893152183956183515, guid: 33b981da796a19c409187664ac18ab12,
        type: 3}
      propertyPath: m_Materials.Array.data[0]
      value: 
      objectReference: {fileID: 2100000, guid: a97c105638bdf8b4a8650670310a4cd3, type: 2}
    - target: {fileID: -6947726991956488551, guid: 33b981da796a19c409187664ac18ab12,
        type: 3}
      propertyPath: m_SortingLayerID
      value: 238904293
      objectReference: {fileID: 0}
    - target: {fileID: -6947726991956488551, guid: 33b981da796a19c409187664ac18ab12,
        type: 3}
      propertyPath: m_SortingLayer
      value: -2
      objectReference: {fileID: 0}
    - target: {fileID: -6947726991956488551, guid: 33b981da796a19c409187664ac18ab12,
        type: 3}
      propertyPath: m_Materials.Array.data[0]
      value: 
      objectReference: {fileID: 2100000, guid: a97c105638bdf8b4a8650670310a4cd3, type: 2}
    m_RemovedComponents: []
  m_SourcePrefab: {fileID: 3195594777568234131, guid: 33b981da796a19c409187664ac18ab12,
    type: 3}
--- !u!212 &1683529903887500826 stripped
SpriteRenderer:
  m_CorrespondingSourceObject: {fileID: -2138489858435830077, guid: 33b981da796a19c409187664ac18ab12,
    type: 3}
  m_PrefabInstance: {fileID: 8435126975229487321}
  m_PrefabAsset: {fileID: 0}
--- !u!212 &7456400374294843132 stripped
SpriteRenderer:
  m_CorrespondingSourceObject: {fileID: -7893152183956183515, guid: 33b981da796a19c409187664ac18ab12,
    type: 3}
  m_PrefabInstance: {fileID: 8435126975229487321}
  m_PrefabAsset: {fileID: 0}
--- !u!212 &1520056387200819128 stripped
SpriteRenderer:
  m_CorrespondingSourceObject: {fileID: -2299153091037661343, guid: 33b981da796a19c409187664ac18ab12,
    type: 3}
  m_PrefabInstance: {fileID: 8435126975229487321}
  m_PrefabAsset: {fileID: 0}
--- !u!212 &7681769145193735744 stripped
SpriteRenderer:
  m_CorrespondingSourceObject: {fileID: -6947726991956488551, guid: 33b981da796a19c409187664ac18ab12,
    type: 3}
  m_PrefabInstance: {fileID: 8435126975229487321}
  m_PrefabAsset: {fileID: 0}
--- !u!212 &2599886222755290713 stripped
SpriteRenderer:
  m_CorrespondingSourceObject: {fileID: -3379052169857812864, guid: 33b981da796a19c409187664ac18ab12,
    type: 3}
  m_PrefabInstance: {fileID: 8435126975229487321}
  m_PrefabAsset: {fileID: 0}
--- !u!4 &397584827935080062 stripped
Transform:
  m_CorrespondingSourceObject: {fileID: 8109599750060889767, guid: 33b981da796a19c409187664ac18ab12,
    type: 3}
  m_PrefabInstance: {fileID: 8435126975229487321}
  m_PrefabAsset: {fileID: 0}
--- !u!212 &4033619113533674112 stripped
SpriteRenderer:
  m_CorrespondingSourceObject: {fileID: 4825005003158125145, guid: 33b981da796a19c409187664ac18ab12,
    type: 3}
  m_PrefabInstance: {fileID: 8435126975229487321}
  m_PrefabAsset: {fileID: 0}
--- !u!212 &2392852862663167274 stripped
SpriteRenderer:
  m_CorrespondingSourceObject: {fileID: 6069313302986417651, guid: 33b981da796a19c409187664ac18ab12,
    type: 3}
  m_PrefabInstance: {fileID: 8435126975229487321}
  m_PrefabAsset: {fileID: 0}
--- !u!212 &1308608452817209529 stripped
SpriteRenderer:
  m_CorrespondingSourceObject: {fileID: -1790590700511813536, guid: 33b981da796a19c409187664ac18ab12,
    type: 3}
  m_PrefabInstance: {fileID: 8435126975229487321}
  m_PrefabAsset: {fileID: 0}
--- !u!1001 &9030719624190877745
PrefabInstance:
  m_ObjectHideFlags: 0
  serializedVersion: 2
  m_Modification:
    m_TransformParent: {fileID: 5446874781022606848}
    m_Modifications:
    - target: {fileID: 310153624603878891, guid: 05aa63b9b7bba2945bb457dec95d39eb,
        type: 3}
      propertyPath: m_LocalPosition.x
      value: -0.107
      objectReference: {fileID: 0}
    - target: {fileID: 310153624603878891, guid: 05aa63b9b7bba2945bb457dec95d39eb,
        type: 3}
      propertyPath: m_LocalPosition.y
      value: 0
      objectReference: {fileID: 0}
    - target: {fileID: 310153624603878891, guid: 05aa63b9b7bba2945bb457dec95d39eb,
        type: 3}
      propertyPath: m_LocalPosition.z
      value: 0
      objectReference: {fileID: 0}
    - target: {fileID: 310153624603878891, guid: 05aa63b9b7bba2945bb457dec95d39eb,
        type: 3}
      propertyPath: m_LocalRotation.x
      value: -0
      objectReference: {fileID: 0}
    - target: {fileID: 310153624603878891, guid: 05aa63b9b7bba2945bb457dec95d39eb,
        type: 3}
      propertyPath: m_LocalRotation.y
      value: -0
      objectReference: {fileID: 0}
    - target: {fileID: 310153624603878891, guid: 05aa63b9b7bba2945bb457dec95d39eb,
        type: 3}
      propertyPath: m_LocalRotation.z
      value: -0
      objectReference: {fileID: 0}
    - target: {fileID: 310153624603878891, guid: 05aa63b9b7bba2945bb457dec95d39eb,
        type: 3}
      propertyPath: m_LocalRotation.w
      value: 1
      objectReference: {fileID: 0}
    - target: {fileID: 310153624603878891, guid: 05aa63b9b7bba2945bb457dec95d39eb,
        type: 3}
      propertyPath: m_RootOrder
      value: 2
      objectReference: {fileID: 0}
    - target: {fileID: 310153624603878891, guid: 05aa63b9b7bba2945bb457dec95d39eb,
        type: 3}
      propertyPath: m_LocalEulerAnglesHint.x
      value: 0
      objectReference: {fileID: 0}
    - target: {fileID: 310153624603878891, guid: 05aa63b9b7bba2945bb457dec95d39eb,
        type: 3}
      propertyPath: m_LocalEulerAnglesHint.y
      value: 0
      objectReference: {fileID: 0}
    - target: {fileID: 310153624603878891, guid: 05aa63b9b7bba2945bb457dec95d39eb,
        type: 3}
      propertyPath: m_LocalEulerAnglesHint.z
      value: 0
      objectReference: {fileID: 0}
    - target: {fileID: 5431494737572226934, guid: 05aa63b9b7bba2945bb457dec95d39eb,
        type: 3}
      propertyPath: m_LocalEulerAnglesHint.z
      value: 6.0000005
      objectReference: {fileID: 0}
    - target: {fileID: 4582287293094984918, guid: 05aa63b9b7bba2945bb457dec95d39eb,
        type: 3}
      propertyPath: m_Name
      value: SpellCircle 1
      objectReference: {fileID: 0}
    - target: {fileID: 4582287293094984918, guid: 05aa63b9b7bba2945bb457dec95d39eb,
        type: 3}
      propertyPath: m_IsActive
      value: 1
      objectReference: {fileID: 0}
    - target: {fileID: 614596061104219199, guid: 05aa63b9b7bba2945bb457dec95d39eb,
        type: 3}
      propertyPath: m_IsActive
      value: 1
      objectReference: {fileID: 0}
    - target: {fileID: 2497381045496603184, guid: 05aa63b9b7bba2945bb457dec95d39eb,
        type: 3}
      propertyPath: m_SortingLayerID
      value: 238904293
      objectReference: {fileID: 0}
    - target: {fileID: 2497381045496603184, guid: 05aa63b9b7bba2945bb457dec95d39eb,
        type: 3}
      propertyPath: m_SortingLayer
      value: -2
      objectReference: {fileID: 0}
    - target: {fileID: 2497381045496603184, guid: 05aa63b9b7bba2945bb457dec95d39eb,
        type: 3}
      propertyPath: m_Enabled
      value: 0
      objectReference: {fileID: 0}
    - target: {fileID: 2497381045496603184, guid: 05aa63b9b7bba2945bb457dec95d39eb,
        type: 3}
      propertyPath: m_Materials.Array.data[0]
      value: 
      objectReference: {fileID: 10754, guid: 0000000000000000f000000000000000, type: 0}
    - target: {fileID: 9171393648802089746, guid: 05aa63b9b7bba2945bb457dec95d39eb,
        type: 3}
      propertyPath: m_Enabled
      value: 0
      objectReference: {fileID: 0}
    - target: {fileID: 9171393648802089746, guid: 05aa63b9b7bba2945bb457dec95d39eb,
        type: 3}
      propertyPath: m_Materials.Array.data[0]
      value: 
      objectReference: {fileID: 10754, guid: 0000000000000000f000000000000000, type: 0}
    - target: {fileID: 9171393648802089746, guid: 05aa63b9b7bba2945bb457dec95d39eb,
        type: 3}
      propertyPath: m_Materials.Array.data[1]
      value: 
      objectReference: {fileID: 10754, guid: 0000000000000000f000000000000000, type: 0}
    - target: {fileID: 8417075903550009613, guid: 05aa63b9b7bba2945bb457dec95d39eb,
        type: 3}
      propertyPath: m_Enabled
      value: 0
      objectReference: {fileID: 0}
    - target: {fileID: 8417075903550009613, guid: 05aa63b9b7bba2945bb457dec95d39eb,
        type: 3}
      propertyPath: m_Materials.Array.data[0]
      value: 
      objectReference: {fileID: 10754, guid: 0000000000000000f000000000000000, type: 0}
    - target: {fileID: 8417075903550009613, guid: 05aa63b9b7bba2945bb457dec95d39eb,
        type: 3}
      propertyPath: m_Materials.Array.data[1]
      value: 
      objectReference: {fileID: 10754, guid: 0000000000000000f000000000000000, type: 0}
    - target: {fileID: 6792530611202972924, guid: 05aa63b9b7bba2945bb457dec95d39eb,
        type: 3}
      propertyPath: m_SortingLayerID
      value: 1954658709
      objectReference: {fileID: 0}
    - target: {fileID: 6792530611202972924, guid: 05aa63b9b7bba2945bb457dec95d39eb,
        type: 3}
      propertyPath: m_SortingLayer
      value: -5
      objectReference: {fileID: 0}
    - target: {fileID: 6792530611202972924, guid: 05aa63b9b7bba2945bb457dec95d39eb,
        type: 3}
      propertyPath: m_Enabled
      value: 0
      objectReference: {fileID: 0}
    - target: {fileID: 6792530611202972924, guid: 05aa63b9b7bba2945bb457dec95d39eb,
        type: 3}
      propertyPath: m_Materials.Array.data[0]
      value: 
      objectReference: {fileID: 10754, guid: 0000000000000000f000000000000000, type: 0}
    - target: {fileID: 6792530611202972924, guid: 05aa63b9b7bba2945bb457dec95d39eb,
        type: 3}
      propertyPath: m_Materials.Array.data[1]
      value: 
      objectReference: {fileID: 10754, guid: 0000000000000000f000000000000000, type: 0}
    m_RemovedComponents: []
  m_SourcePrefab: {fileID: 100100000, guid: 05aa63b9b7bba2945bb457dec95d39eb, type: 3}
--- !u!212 &6916391525007327745 stripped
SpriteRenderer:
  m_CorrespondingSourceObject: {fileID: 2497381045496603184, guid: 05aa63b9b7bba2945bb457dec95d39eb,
    type: 3}
  m_PrefabInstance: {fileID: 9030719624190877745}
  m_PrefabAsset: {fileID: 0}
--- !u!4 &8727532643112682970 stripped
Transform:
  m_CorrespondingSourceObject: {fileID: 310153624603878891, guid: 05aa63b9b7bba2945bb457dec95d39eb,
    type: 3}
  m_PrefabInstance: {fileID: 9030719624190877745}
  m_PrefabAsset: {fileID: 0}
